@article{islip,
	author = {McKeown, Nick},
	title = {The iSLIP Scheduling Algorithm for Input-queued Switches},
	journal = {IEEE/ACM Trans. Netw.},
	issue_date = {April 1999},
}

@article{chuang1999matching,
	author={Chuang, Shang-Tse and Goel, Ashish and McKeown, Nick and Prabhakar, Balaji},
	title={Matching output queueing with a combined input/output-queued switch},
	journal={IEEE Journal on Selected Areas in Communications},
}


@article{tinytera,
	title={Tiny Tera: a packet switch core},
	author={McKeown, Nick and Izzard, Martin and Mekkittikul, Adisak and Ellersick, William and Horowitz, Mark},
	journal={IEEE Micro},
	year={1997},
}

@article{wu2003fault,
  title={A fault-tolerant and deadlock-free routing protocol in 2D meshes based on odd-even turn model},
  author={Wu, Jie},
  journal={IEEE Transactions on Computers},
  volume={52},
  number={9},
  pages={1154--1169},
  year={2003},
  publisher={IEEE}
}


@inproceedings{netpilot,
	author = {Wu, Xin and Turner, Daniel and Chen, Chao-Chih and Maltz, David A. and Yang, Xiaowei and Yuan, Lihua and Zhang, Ming},
	title = {NetPilot: Automating Datacenter Network Failure Mitigation},
	booktitle = {SIGCOMM '12},
}

@inproceedings{zupdate,
	author = {Liu, Hongqiang Harry and Wu, Xin and Zhang, Ming and Yuan, Lihua and Wattenhofer, Roger and Maltz, David},
	title = {zUpdate: Updating Data Center Networks with Zero Loss},
	booktitle = {SIGCOMM '13},
}

@inproceedings{abstractionforupdate,
	author = {Reitblatt, Mark and Foster, Nate and Rexford, Jennifer and Schlesinger, Cole and Walker, David},
	title = {Abstractions for Network Update},
	booktitle = {SIGCOMM '12},
}

@inproceedings{dionysus,
	author = {Jin, Xin and Liu, Hongqiang Harry and Gandhi, Rohan and Kandula, Srikanth and Mahajan, Ratul and Zhang, Ming and Rexford, Jennifer and Wattenhofer, Roger},
	booktitle = {SIGCOMM '14},
}

@inproceedings{dcqcn,
 author = {Zhu, Yibo and Eran, Haggai and Firestone, Daniel and Guo, Chuanxiong and Lipshteyn, Marina and Liron, Yehonatan and Padhye, Jitendra and Raindel, Shachar and Yahia, Mohamad Haj and Zhang, Ming},
 title = {Congestion Control for Large-Scale RDMA Deployments},
 booktitle = {SIGCOMM '15},
}

@inproceedings{rdmaatscale,
	author = {Guo, Chuanxiong  and Wu, Haitao  and Deng, Zhong and Soni, Gaurav and Ye, Jianxi and Padhye, Jitendra and Lipshteyn, Marina},
	title = {RDMA over Commodity Ethernet at Scale},
	booktitle = {SIGCOMM '16},
}



@inproceedings{timely,
 author = {Mittal, Radhika and Lam, Vinh The and Dukkipati, Nandita and Blem, Emily and Wassel, Hassan and Ghobadi, Monia and Vahdat, Amin and Wang, Yaogong and Wetherall, David and Zats, David},
 title = {TIMELY: RTT-based Congestion Control for the Datacenter},
 booktitle = {SIGCOMM '15},
}

@misc{roce,
 title = {RDMA over Converged Ethernet (RoCE)},
 howpublished = "\url{http://www.mellanox.com/page/products_dyn?product_family=79}",
}

@Misc{rroce,
    author = {{Infiniband Trade Association}},
    title = {{Supplement to InfiniBand Architecture Specification Volume 1
        Release 1.2.2 ANNEX A17: ROCEV2 (IP ROUTABLE ROCE))}},
    year = 2014
}

@misc{pfcheadroom,
	title = {Priority Flow Control: Build Reliable Layer 2 Infrastructure},
	howpublished = "\url{http://www.cisco.com/c/en/us/products/collateral/switches/nexus-7000-series-switches/white_paper_c11-542809.pdf
	}",
}


@inproceedings{sizingrouterbuffer,
	author = {Appenzeller, Guido and Keslassy, Isaac and McKeown, Nick},
	title = {Sizing Router Buffers},
	booktitle = {Proceedings of the 2004 Conference on Applications, Technologies, Architectures, and Protocols for Computer Communications},
	series = {SIGCOMM '04},
}

@article{crtt,
	author = {Villamizar, Curtis and Song, Cheng},
	title = {High Performance TCP in ANSNET},
	journal = {SIGCOMM Comput. Commun. Rev.},
	issue_date = {Oct. 1994},
}

@inproceedings{pfc,
 title = {IEEE. 802.11Qbb},
 series = {Priority based flow control},
 year = {2011}
}

@inproceedings{tcpbolt,
  title={Practical DCB for improved data center networks},
  author={Stephens, Brent and Cox, Alan L and Singla, Ankit and Carter, John and Dixon, Colin and Felter, Wesley},
  booktitle={IEEE INFOCOM 2014-IEEE Conference on Computer Communications},
  pages={1824--1832},
  year={2014},
  organization={IEEE}
}

@article{flich2012survey,
  title={A survey and evaluation of topology-agnostic deterministic routing algorithms},
  author={Flich, Jose and Skeie, Tor and Mejia, Andres and Lysne, Olav and Lopez, Pierre and Robles, Antonio and Duato, Jose and Koibuchi, Michihiro and Rokicki, Tomas and Sancho, Jose Carlos},
  journal={IEEE Transactions on Parallel and Distributed Systems},
  year={2012},
}

@article{karol2003prevention,
  title={Prevention of deadlocks and livelocks in lossless backpressured packet networks},
  author={Karol, Mark and Golestani, S Jamaloddin and Lee, David},
  journal={IEEE/ACM Transactions on Networking},
  year={2003},
}

@article{gerla1980flow,
  title={Flow control: A comparative survey},
  author={Gerla, Mario and Kleinrock, Leonard},
  journal={IEEE Transactions on Communications},
  year={1980},
}


@LINKS{bgp,
    author = {BGP for large-scale data centers},
	link = {https://datatracker.ietf.org/doc/draft-ietf-rtgwg-bgp-routing-large-dc/?include_text=1}
}

@LINKS{ospf,
    author = {OSPF},
	link = {https://tools.ietf.org/html/rfc2328}
}

@inproceedings{libra,
 author = {Zeng, Hongyi and Zhang, Shidong and Ye, Fei and Jeyakumar, Vimalkumar and Ju, Mickey and Liu, Junda and McKeown, Nick and Vahdat, Amin},
 title = {Libra: Divide and Conquer to Verify Forwarding Tables in Huge Networks},
 booktitle = {NSDI'14},
}

@inproceedings{everflow,
 author = {Zhu, Yibo and Kang, Nanxi and Cao, Jiaxin and Greenberg, Albert and Lu, Guohan and Mahajan, Ratul and Maltz, Dave and Yuan, Lihua and Zhang, Ming and Zhao, Ben Y. and Zheng, Haitao},
 title = {Packet-Level Telemetry in Large Datacenter Networks},
 booktitle = {SIGCOMM '15},
}

@inproceedings{jellyfish,
	author = {Ankit Singla and Chi-Yao Hong and Lucian Popa and P. Brighten Godfrey},
	title = {Jellyfish: Networking Data Centers Randomly},
	booktitle = {NSDI},
	year = {2012}
}


@inproceedings{fat-tree,
	author = {Al-Fares, Mohammad and Loukissas, Alexander and Vahdat, Amin},
	title = {A Scalable, Commodity Data Center Network Architecture},
	booktitle = {SIGCOMM},
    year = {2008},
}

@inproceedings{vl2,
	author = {Greenberg, Albert and Hamilton, James R. and Jain, Navendu and Kandula, Srikanth and Kim, Changhoon and Lahiri, Parantap and Maltz, David A. and Patel, Parveen and Sengupta, Sudipta},
	title = {VL2: A Scalable and Flexible Data Center Network},
	booktitle = {SIGCOMM},
    year = {2009},
}


@INPROCEEDINGS{bcube,
	author = {Chuanxiong Guo and Guohan Lu and Dan Li and Haitao Wu and Xuan Zhang and Yunfeng Shi and Chen Tian and Yongguang Zhang and Songwu Lu},
	title = {{BCube}: A High Performance, Server-centric Network Architecture for Modular Data Centers},
	booktitle = {SIGCOMM},
	year = {2009}
}

@inproceedings{hyperx,
	author = {Jung Ho Ahn and Nathan Binkert and Al Davis and Moray McLaren and Robert S. Schreiber},
	title = {HyperX: Topology, Routing, and Packaging of Efficient Large-Scale Networks},
	booktitle = {SC},
	year = {2009}
}

@article{dally,
	title={Deadlock-free message routing in multiprocessor interconnection networks},
	author={Dally, William J and Seitz, Charles L},
	journal={IEEE Transactions on computers},
}

@article{flich2012survey,
	title={A survey and evaluation of topology-agnostic deterministic routing algorithms},
	author={Flich, Jose and Skeie, Tor and Mejia, Andres and Lysne, Olav and Lopez, Pedro and Robles, Antonio and Duato, Jose and Koibuchi, Michihiro and Rokicki, Tomas and Sancho, Jose Carlos},
	journal={IEEE Transactions on Parallel and Distributed Systems},
}


@article{gara2005overview,
	title={Overview of the Blue Gene/L system architecture},
	author={Gara, Alan and Blumrich, Matthias A and Chen, Dong and Chiu, GL-T and Coteus, Paul and Giampapa, Mark E and Haring, Ruud A and Heidelberger, Philip and Hoenicke, Dirk and Kopcsay, Gerard V and others},
	journal={IBM Journal of Research and Development},
}

@misc{infiniband,
	title = {InfiniBand Trade Association, InfiniBand Architecture, Specification},
	howpublished = "\url{http://www.infinibandta.com, 2001}",
}

@article{doublescheme,
	title={Deadlock-free dynamic reconfiguration schemes for increased network dependability},
	author={Pinkston, Timothy Mark and Pang, Ruoming and Duato, Jos{\'e}},
	journal={IEEE Transactions on Parallel and Distributed Systems},
}

@article{lysne2005methodology,
	title={A methodology for developing deadlock-free dynamic network reconfiguration processes. part ii},
	author={Lysne, Olav and Pinkston, Timothy Mark and Duato, Jose},
	journal={IEEE Transactions on Parallel and Distributed Systems},
}

@book{automatic,
	title={Automatic reconfiguration in Autonet},
	author={Rodeheffer, Thomas L and Schroeder, Michael D},
	volume={25},
	number={5},
	year={1991},
	publisher={ACM}
}

@inproceedings{lash,
	author = {Skeie, Tor and Lysne, Olav and Theiss, Ingebj{\o}rg},
	title = {Layered Shortest Path (LASH) Routing in Irregular System Area Networks},
	booktitle = {IPDPS '02},
}


@article{sancho2004,
	title={An effective methodology to improve the performance of the up*/down* routing algorithm},
	author={Sancho, Jose Carlos and Robles, Antonio and Duato, Jose},
	journal={IEEE Transactions on Parallel and Distributed Systems},
}

@inproceedings{hu2016deadlocks,
  title={Deadlocks in Datacenter Networks: Why Do They Form, and How to Avoid Them},
  author={Hu, Shuihai and Zhu, Yibo and Cheng, Peng and Guo, Chuanxiong and Tan, Kun and Padhye, Jitendra and Chen, Kai},
  booktitle={Proceedings of the 15th ACM Workshop on Hot Topics in Networks},
  pages={92--98},
  year={2016},
  organization={ACM}
}

@inproceedings{shpiner2016unlocking,
  title={Unlocking Credit Loop Deadlocks},
  author={Shpiner, Alex and Zahavi, Eitan and Zdornov, Vladimir and Anker, Tal and Kadosh, Matty},
  booktitle={Proceedings of the 15th ACM Workshop on Hot Topics in Networks},
  pages={85--91},
  year={2016},
  organization={ACM}
}

@inproceedings{f10,
    title={{F10:A Fault-Tolerant Engineered Network}},
    author={Vincent Liu and Daniel Halperin and Arvind Krishnamurthy and Thomas Anderson},
    booktitle={NSDI},
    year={2013},
    }

@inproceedings{tensorflow,
    title = {{TensorFlow: A System for Large-Scale  Machine Learning}},
    author = { Mart$\acute{i}$n Abadi and others},
    booktitle = {OSDI},
    year = {2016},
}

@Misc{cisco-whitepaper,
    author = {{Cisco}},
    title = {{Priority Flow Control: Build Reliable Layer 2 Infrastructure}},
    url="{{http://www.cisco.com/en/US/prod/collateral/switches/ps9441/ps9670/white_paper_c11-542809_ns783_Networking_Solutions_White_Paper.html}}"
}

@Misc{facebookrouting,
    author = {Alexey Andreyev},
    title = {{Introducing data center fabric, the next-generation Facebook data center network}},
    url="{{https://code.facebook.com/posts/360346274145943/introducing-data-center-fabric-the-next-generation-facebook-data-center-network/ }}"
}

@article{singh2015jupiter,
  title={Jupiter rising: A decade of clos topologies and centralized control in google's datacenter network},
  author={Singh, Arjun and Ong, Joon and Agarwal, Amit and Anderson, Glen and Armistead, Ashby and Bannon, Roy and Boving, Seb and Desai, Gaurav and Felderman, Bob and Germano, Paulie and others},
  journal={ACM SIGCOMM Computer Communication Review},
  volume={45},
  number={4},
  pages={183--197},
  year={2015},
  publisher={ACM}
}

@inproceedings{qiu2007toward,
  title={Toward valley-free inter-domain routing},
  author={Qiu, Sophie Y and McDaniel, Patrick Drew and Monrose, Fabian},
  booktitle={2007 IEEE International Conference on Communications},
  pages={2009--2016},
  year={2007},
  organization={IEEE}
}

@techreport{
    author = {Michael D. Schroeder and Andrew D. Birrell and  Michael Burrows and Hal Murray and Roger M. Needham and Thomas L. Rodeheffer and Edwin H. Satterthwaite and Charles P. Thacker},
    title = {{Autonet: a High-speed, Self-configuring Local Area Network Using Point-to-point Links}},
    year = {1990},
    month = {April},
    institution = {DEC SRC},
    number = {SRC Research Report 59},
}
