@LINKS{bgp,
    author = {BGP for large-scale data centers},
	link = {https://datatracker.ietf.org/doc/draft-ietf-rtgwg-bgp-routing-large-dc/?include_text=1}
}

@LINKS{ospf,
    author = {OSPF},
	link = {https://tools.ietf.org/html/rfc2328}
}

@inproceedings{libra,
 author = {Zeng, Hongyi and Zhang, Shidong and Ye, Fei and Jeyakumar, Vimalkumar and Ju, Mickey and Liu, Junda and McKeown, Nick and Vahdat, Amin},
 title = {Libra: Divide and Conquer to Verify Forwarding Tables in Huge Networks},
 series = {NSDI'14},
}

@inproceedings{everflow,
 author = {Zhu, Yibo and Kang, Nanxi and Cao, Jiaxin and Greenberg, Albert and Lu, Guohan and Mahajan, Ratul and Maltz, Dave and Yuan, Lihua and Zhang, Ming and Zhao, Ben Y. and Zheng, Haitao},
 title = {Packet-Level Telemetry in Large Datacenter Networks},
 series = {SIGCOMM '15},
}

@inproceedings{dcqcn,
 author = {Zhu, Yibo and Eran, Haggai and Firestone, Daniel and Guo, Chuanxiong and Lipshteyn, Marina and Liron, Yehonatan and Padhye, Jitendra and Raindel, Shachar and Yahia, Mohamad Haj and Zhang, Ming},
 title = {Congestion Control for Large-Scale RDMA Deployments},
 series = {SIGCOMM '15},
}
