
@inproceedings{dcqcn,
 author = {Zhu, Yibo and Eran, Haggai and Firestone, Daniel and Guo, Chuanxiong and Lipshteyn, Marina and Liron, Yehonatan and Padhye, Jitendra and Raindel, Shachar and Yahia, Mohamad Haj and Zhang, Ming},
 title = {Congestion Control for Large-Scale RDMA Deployments},
 series = {SIGCOMM '15},
}

@inproceedings{timely,
 author = {Mittal, Radhika and Lam, Vinh The and Dukkipati, Nandita and Blem, Emily and Wassel, Hassan and Ghobadi, Monia and Vahdat, Amin and Wang, Yaogong and Wetherall, David and Zats, David},
 title = {TIMELY: RTT-based Congestion Control for the Datacenter},
 series = {SIGCOMM '15},
}

@misc{roce,
 title = {RDMA over Converged Ethernet (RoCE)},
 howpublished = "\url{http://www.mellanox.com/page/products_dyn?product_family=79}",
}

@inproceedings{pfc,
 title = {IEEE. 802.11Qbb},
 series = {Priority based flow control},
 year = {2011}
}

@inproceedings{tcpbolt,
 author = {Mittal, Radhika and Lam, Vinh The and Dukkipati, Nandita and Blem, Emily and Wassel, Hassan and Ghobadi, Monia and Vahdat, Amin and Wang, Yaogong and Wetherall, David and Zats, David},
 title = {Brent, Stephens and Alan, L. Cox and Ankit, Singla and John, Carter and Colin, Dixon and Wesley, Felter},
 series = {INFOCOM '14},
}

@article{flich2012survey,
  title={A survey and evaluation of topology-agnostic deterministic routing algorithms},
  author={Flich, Jose and Skeie, Tor and Mejia, Andres and Lysne, Olav and Lopez, Pierre and Robles, Antonio and Duato, Jose and Koibuchi, Michihiro and Rokicki, Tomas and Sancho, Jose Carlos},
  journal={IEEE Transactions on Parallel and Distributed Systems},
  year={2012},
}

@article{karol2003prevention,
  title={Prevention of deadlocks and livelocks in lossless backpressured packet networks},
  author={Karol, Mark and Golestani, S Jamaloddin and Lee, David},
  journal={IEEE/ACM Transactions on Networking},
  year={2003},
}

@article{gerla1980flow,
  title={Flow control: A comparative survey},
  author={Gerla, Mario and Kleinrock, Leonard},
  journal={IEEE Transactions on Communications},
  year={1980},
}


@LINKS{bgp,
    author = {BGP for large-scale data centers},
	link = {https://datatracker.ietf.org/doc/draft-ietf-rtgwg-bgp-routing-large-dc/?include_text=1}
}

@LINKS{ospf,
    author = {OSPF},
	link = {https://tools.ietf.org/html/rfc2328}
}

@inproceedings{libra,
 author = {Zeng, Hongyi and Zhang, Shidong and Ye, Fei and Jeyakumar, Vimalkumar and Ju, Mickey and Liu, Junda and McKeown, Nick and Vahdat, Amin},
 title = {Libra: Divide and Conquer to Verify Forwarding Tables in Huge Networks},
 series = {NSDI'14},
}

@inproceedings{everflow,
 author = {Zhu, Yibo and Kang, Nanxi and Cao, Jiaxin and Greenberg, Albert and Lu, Guohan and Mahajan, Ratul and Maltz, Dave and Yuan, Lihua and Zhang, Ming and Zhao, Ben Y. and Zheng, Haitao},
 title = {Packet-Level Telemetry in Large Datacenter Networks},
 series = {SIGCOMM '15},
}
