% $Id:$

@Article{ref:bandwidthmarket,
  author =   {W. Stanczuk and J. Lubacz and E. Toczylowski},
  title =    {Trading links and paths on a communication bandwidth market},
  journal =  {Journal of Universal Computer Science},
  year =     2008
}

@InProceedings{kai11,
  author = {Kai Chen and Chengchen Hu and Xitao Wen and Yan Chen},
  title = "Towards Internet Emergency Response via Reconfiguration in Internet eXchange Points",
  booktitle = {Technical Report, Northwestern University, IL},
  year = "2011"
}

@InProceedings{ref:nanog49,
  author =   {Chengchen Hu and Kai Chen and Yan Chen and Bin Liu},
  title =    {Evaluating Potential Routing Diversity for Internet Failure Recovery},
  booktitle ={NANOG'49},
  year =     2010
}


@inproceedings{ref:sidewalk09,
  author = "Kai Chen and David Choffnes and Rahul Potharaju and Yan Chen and Fabian Bustamante and Dan Pei and Yao Zhao",
  title = "Where the Sidewalk Ends: Extending the Internet AS Graph Using Traceroutes From P2P Users",
  booktitle = "CoNEXT",
  year = 2009
}

@inproceedings{ref:ixp09,
  author = "Brice Augustin and Balachander Krishnamurthy and Walter Willinger",
  title = "IXPs: Mapped?",
  booktitle = "IMC",
  year = 2009
}

@Misc{ref:geni,
  author = {GENI Planning Group},
  title = "{{GENI: Conceptual design, project execution plan}}",
  howpublished = {GENI Design Document}
}


@Misc{ref:ixp,
  author = {},
  title = "{{Internet exchange point}}",
  howpublished = {\url{http://en.wikipedia.org/wiki/Internet_exchange_point}}
}

@Misc{ref:irl,
  author = {AS links},
  title = "{{UCLA IRL}}",
  howpublished = {\url{http://irl.cs.ucla.edu/topology/}}
}

@Misc{ref:NANOG,
  author = {NANOG},
  title = "{{North American Network Operators Group Mailing List Archive}}",
  howpublished = {\url{http://www.merit.edu/mail.archives/nanog/}}
}

@InProceedings{ref:rfc1997,
  author = {R. Chandra and P. Traina and T. Li},
  title = "{{BGP Communities Attribute}}",
  booktitle = "{RFC}",
  year = 2009
}

@Misc{ref:fiber_SF,
  author = {NANOG Mailing List Archive},
  title = "{Fiber Cut in SF Area}",
  howpublished = {\url{http://mailman.nanog.org/pipermail/nanog/2009-April/thread.html#start}}
}

@Misc{ref:911,
  author = {Andy Ogielski and Jim Cowie},
  title = "{Internet Routing Behavior on 9/11 and in the following weeks}",
  howpublished = {\url{www.renesys.com/tech/presentations/pdf/renesys-030502-NRC-911.pdf}}
}


@Misc{ref:setcover,
  title = "{Set Cover Problem}",
  howpublished = {\url{http://en.wikipedia.org/wiki/Set_cover_problem}}
}

@Misc{ref:knapsack,
  title = "{Knapsack problem}",
  howpublished = {\url{http://en.wikipedia.org/wiki/Knapsack_problem}}
}

@InProceedings{ref:ks,
  author = {Thomas Cormen},
  title = "{Introduce to algorithms}",
  year = 2001
}

@Misc{ref:norton99,
  author =   {William B. Norton},
  title =    {Interconnection Strategies for ISPs},
  howpublished = {\url{http://www.equinix.com/pdf/whitepapers/ISPInterconnectionStrategies2.pdf}},
  year =   1999
}

@Misc{ref:link_usage,
  author =   {Nate Anderson},
  title =    {What exaflood? Net backbone shows no signs of osteoporosis},
  howpublished = {\url{http://arstechnica.com/old/content/2008/09/what-exaflood-net-backbone-shows-no-signs-of-osteoporosis.ars}}
  year =   2008
}

@Misc{ref:Popescu07,
  author =   {Alin Popescu and Todd Underwood and Earl Zmijewski},
  title =    {{Quaking Tables: The Taiwan Earthquakes and the Internet Routing Table. {NANOG} 39}},
  howpublished = {\url{http://www.nanog.org/mtg-0702/underwood.html}},
  year =     2007
}

@inproceedings{ref:shrimali07,
  author = "G. Shrimali and A. Akella and A. Mutapcic",
  title = "Cooperative Interdomain Traffic Engineering using Nash Bargaining and Decomposition",
  booktitle = "{IEEE} {INFOCOM'07}",
  year = 2007
}

@InProceedings{ref:wang06,
  author =   {Hao Wang and Haiyong Xie and Lili Qiu and Yang Richard Yang and Yin Zhang and Albert Greenberg},
  title =    {{COPE}: Traffic Engineering in Dynamic Networks},
  booktitle =  {SIGCOMM},
  year = 2006
}

@inproceedings{ref:rdeflction,
 author = {Xiaowei Yang and David Wetherall},
 title = {Source selectable path diversity via routing deflections},
 booktitle = {SIGCOMM},
 year = 2006
 }

@inproceedings{ref:splicing,
 author = {Motiwala,, Murtaza and Elmore,, Megan and Feamster,, Nick and Vempala,, Santosh},
 title = {Path splicing},
 booktitle = {SIGCOMM},
 year = 2008
 }


@InProceedings{ref:ANB05,
  author =   {Sharad Agarwal and Antonio Nucci and Supratik Bhattacharyya},
  title =    {Measuring the Shared Fate of {IGP} Engineering and Interdomain Traffic},
  booktitle = {ICNP'05},
  year = 2005
}

@InProceedings{ref:ABC04,
  author =   {David Applegate and Lee Breslau and Edith Cohen},
  title =    {Coping with Network Failures: Routing Strategies for Optimal Demand Oblivious Restoration},
  booktitle =     {SIGMETRICS'04},
  year = 2004
}

@InProceedings{ref:AC03,
  author =   {David Applegate and Edith Cohen},
  title =    {Making Intra-Domain Routing Robust to Changing and Uncertain Traffic Demands: Understanding Fundamental Tradeoffs},
  booktitle =     {SIGCOMM'03},
  year = 2003
}

@InProceedings{ref:EJLW04,
  author =   {Anwar Elwalid and Cheng Jin and Steven Low and Indra
                  Widjaja},
  title =    {{MATE}: {MPLS} Adaptive Traffic Engineering},
  booktitle =     {INFOCOM'01},
  year = 2001
}

@inproceedings{ref:FWR04,
  author =   {Nick Feamster and Jared Winick and Jennifer Rexford},
  title =    {A Model of {BGP} routing for network engineering},
  booktitle ={SIGMETRICS'04},
  year = 2004
}

@InProceedings{ref:FYZ01,
  author =   {Victor Firoiu and Ikjun Yeom and Xiaohui Zhang},
  title =    {A Framework for Practical Performance Evaluation and
                  Traffic Engineering in {IP} Networks},
  booktitle =    {IEEE ICT 2001},
  year = 2001
}

@Article{ref:FRT02,
  author =   {Bernard Fortz and Jennifer Rexford and Mikkel Thorup},
  title =    {Traffic Engineering with Traditional {IP} Routing Protocols},
  journal =  {{IEEE} Commun. Mag.},
  year =     2002
}


@InProceedings{ref:FT00,
  author =   {Bernard Fortz and Mikkel Thorup},
  title =    {Internet Traffic Engineering by Optimizing {OSPF} Weights},
  booktitle =     {INFOCOM},
  year =2000
}


@InProceedings{ref:KKDC05,
  author =   {Srikanth Kandula and Dina Katabi and Bruce Davie and
                  Anna Charny},
  title =    {Walking the Tightrope: Responsive Yet Stable Traffic
                  Engineering},
  booktitle =     {SIGCOMM'05},
  year = 2005
}

@InProceedings{ref:PathInflation,
  author =   {Neil Spring and Ratul Mahajan and Thomas Anderson},
  title =    {Quantifying the Causes of Path Inflation},
  booktitle =     {SIGCOMM'03},
  year = 2003
}


@InProceedings{ref:KLS04,
  author =   {Murali Kodialam and T. V. Lakshman and Sudipta Sengupta},
  title =    {Efficient and Robust Routing of Highly Variable Traffic},
  booktitle =     {HotNets-I},
  year = 2004
}

@InProceedings{ref:RTZ03,
  author =   "M. Roughan and M. Thorup and Y. Zhang",
  title =    "Traffic Engineering with Estimated Traffic Matrices",
  booktitle =     {ACM SIGCOMM IMC'03},
  year = 2003
}

@InProceedings{ref:SGD03,
  author =   {A. Sridharan and R. Guerin and C. Diot},
  title =    {Achieving Near Optimal Traffic Engineering Solutions
                  in Current {OSPF/ISIS} Networks},
  booktitle =     {INFOCOM'03},
  year =     2003
}

@InProceedings{ref:WWZ01,
  author =   {Z. Wang and Y. Wang and L. Zhang},
  title =    {Internet traffic engineering without full mesh
                  overlaying},
  booktitle =     {INFOCOM'01},
  year =     2001
}

@InProceedings{ref:YKKV02,
  author =   {T. Ye and H. Kaur and S. Kalyanaraman and K. Vastola
                  and S. Yadav},
  title =    {Optimization of {OSPF} weights using online
                  simulation},
  booktitle =    "International Workshop on Quality of
                  Service ({IWQoS}))",
  year =     2002
}

@InProceedings{ref:ZGK05,
  author =   {Chun Zhang and Zihui Ge and Jim Kurose and Yong Liu and Don Towsley},
  title =    {Optimal Routing with Multiple Traffic Matrices: Tradeoff between Average Case and Worst Case Performance},
  booktitle =     {ICNP'05},
  year =     2005
}

@InProceedings{ref:ZLG05,
  author =   {Chun Zhang and Yong Liu and Weibo Gong and Jim Kurose and Robbert Moll and Don Towsley},
  title =    {On Optimal Routing with Multiple Traffic Matrices},
  booktitle =     {INFOCOM'05},
  year =     2005
}

@InProceedings{ref:ZM04,
  author =   {Rui Zhang-Shen and Nick McKeown},
  title =    {Designing a Predictable {I}nternet Backbone Network},
  booktitle =     {HotNets-I},
  year = 2004
}

@InProceedings{ref:Ratul07,
  author =   {Ratul Mahajan and David Wetherall and Thomas Anderson},
  title =    {{Mutually Controlled Routing with Independent ISPs}},
  booktitle =     {NSDI},
  year = 2007
}

@InProceedings{ref:Ratul05,
  author =   {Ratul Mahajan and David Wetherall and Thomas Anderson},
  title =    {{Negotiation-Based Routing Between Neighboring ISPs}},
  booktitle =     {NSDI},
  year = 2005
}

@InProceedings{ref:wang07,
  author =   {Hao Wang and Yang Richard Yang and Paul H. Liu and Jia Wang and Alex Gerber and Albert Greenberg},
  title =    {Reliability as an Interdomain Service},
  booktitle =     {SIGCOMM},
  year =2007
}

@InProceedings{ref:wang10,
  author =   {Ye Wang and Hao Wang and Ajay Mahimkar and Richard Alimi and Yin Zhang and Lili Qiu and Yang Richard Yang},
  title =    {R3: Resilient Routing Reconfiguration},
  booktitle =     {SIGCOMM},
  year =2010
}

@InProceedings{ref:fcp07,
  author =   {K. Lakshminarayanan and M. Caesar and M. Rangan and T. Anderson and S. Shenker and I. Stoica},
  title =    {Achieving Convergence-Free Routing using Failure-Carrying Packets},
  booktitle =     {SIGCOMM},
  year =2007
}

@Article{ref:Yang05,
  author =   {Y. R. Yang and H. Xie and H. Wang and L. E. Li and Y. Liu and A. Silberschatz and A. Krishnamurthy},
  title =    {Stable Route Selection for Interdomain Traffic Engineering},
  journal =  IEEE_M_NET,
  pages =    "90-97",
  year =     2005
}


@Misc{ref:routeview,
  author =    {Routeviews},
  howpublished = {\url{http://archive.routeviews.org/oix-route-views/2007.09/}}
}

@Misc{ref:planetlab,
  author =    {PlanetLab},
  howpublished = {\url{http://www.planet-lab.org}}
}

@Misc{ref:asnlookup,
  author =    {ASNlookup},
  howpublished = {\url{http://www.cymru.com/BGP/asnlookup.html}}
}

@Misc{ref:asranking,
  author =    {CAIDA},
  title = {{AS} Ranking},
  howpublished = {\url{http://as-rank.caida.org}}
}

@InProceedings{ref:internet2,
  author =   {Joe St Sauver},
  title =    {Capacity Planning and System and Network Security},
  booktitle =     {Spring 2007 Internet2 Member Meeting},
  year = 2007
}
@InProceedings{ref:iplane,
  author =   {Harsha V. Madhyastha and Tomas Isdal and Michael Piatek and Colin Dixon and Thomas Anderson and Arvind Krishnamurthy and Arun Venkataramani},
  title =    {{iPlane}: An Information Plane for Distributed Services},
  booktitle =     {OSDI'06},
  year = 2006
}

@Misc{ref:wilcox07,
  author =   {Stephen Wilcox},
  title =    {{Quaking Tables: The Taiwan Earthquakes and the Internet Routing Table}},
  howpublished = {\url{http://www.thedogsbollocks.co.uk/tech/0705quakes/AMSIXMay07-Quakes.ppt}},
  year =     2007
}

@Misc{ref:lookingglass,
  author =   {traceroute.org},
  title =    {{Looking Glass Servers}},
  howpublished = {\url{http://www.traceroute.org/#Looking\%20Glass}}
}

@Misc{ref:lg,
  author =   {CAIDA},
  title =    {Reverse Traceroute and Looking Glass servers in the World},
  howpublished = {\url{http://www.caida.org/analysis/routing/reversetrace}}
}

@Misc{ref:lordoflink,
  author =   {Yihua He and Georgos Siganos and Michalis Faloutsos and Srikanth Krishnamurthy},
  title =    {{The Lord of the Links}},
  howpublished = {\url{http://www.cs.ucr.edu/~yhe/LordOfLinks/}}
}

@InProceedings{ref:UCR_NSDI2007,
  author =   {Y. He and G. Siganos and M. Faloutsos and S. V. Krishnamurthy},
  title =    {{A systematic framework for unearthing the missing links: Measurements and Impact}},
  booktitle ={USENIX/SIGCOMM NSDI'07},
  year =     2007
}

@inproceedings{ref:MIRO,
 author = {Xu,, Wen and Rexford,, Jennifer},
 title = {MIRO: multi-path interdomain routing},
 booktitle = {SIGCOMM},
 year = 2006
 }

@InProceedings{ref:MIT_NSDI2007,
  author =   {Nate Kushman and Srikanth Kandula and Dina Katabi and Bruce M. Maggs},
  title =    {{R-BGP:} Staying Connected In a Connected World},
  booktitle ={NSDI},
  year =     2007
}

@InProceedings{ref:BRAP08,
  author =   {Feng Wang and Lixin Gao},
  title =    {A Backup Route Aware Routing Protocol: Fast Recovery from Transient Routing Failures},
  booktitle ={INFOCOM},
  year =     2008
}



@InProceedings{ref:cc10,
  author =   {Chengchen Hu and Kai Chen and Yan Chen and Bin Liu},
  title =    {Evaluating Potential Routing Diversity for Internet Failure Recovery},
  booktitle ={mini-INFOCOM},
  year =     2010
}


@InProceedings{ref:hotnets2007,
  author =   {Michael LeMay and Carl A. Gunter},
  title =    {{Supporting Emergency-Response by Retasking Network Infrastructures}},
  booktitle ={HotNets-VI},
  year =     2007
}

@InProceedings{ref:networking2004,
  author =   {Kuai Xu and Zhenhai Duan and Zhi-Li Zhang and Jaideep Chandrashekar},
  title =    {{On Properties of Internet Exchange Points and Their Impact on AS Topology and Relationship}},
  booktitle ={IFIP Networking'04},
  year = 2004
}

@Misc{ref:pch,
  author =   {{Packet Clearing House}},
  title =    {Internet Exchange Directory},
  howpublished = {\url{http://www.pch.net/resources/data.php?dir=/exchange-points}}
}


@Misc{ref:euroix,
  author =   {{Euro-IX}},
  title =    {Europe's leading Internet exchange points},
  howpublished = {\url{http://www.euro-ix.net/}}
}

@Misc{ref:peeringdb,
  author =   {{Peeringdb}},
  title =    {Peering database},
  howpublished = {\url{http://www.peeringdb.com}}
}

@Misc{ref:ripe,
  author =   {RIPE},
  title =    {{Routing Information Service}},
  howpublished = {\url{http://www.ripe.net/projects/ris/}}
}

@InProceedings{ref:conext07,
  author =   {Jian Wu and Ying Zhang and Zhuoqin Morley Mao and Kang G. Shin},
  title =    {Internet Routing Resilience to Failures: Analysis and Implications},
  booktitle ={CoNEXT},
  year =     2007
}



@Misc{ref:Rproxy,
  author =   {Pete Siemsen},
  title =    {{Route proxy object}},
  howpublished = {\url {http://www.cisl.ucar.edu/nets/docs/procs/routing-registries/#pox}}
}




@InProceedings{ref:Ganesh05,
  author = {A. Ganesh and L. Massoulie and D. Towsley},
  title = {{The Effect of Network Topology on the Spread of Epidemics}},
  booktitle = {IEEE INFOCOM},
  year = "2005"
}


@InProceedings{ref:Park01,
  author = {K. Park and H. Lee},
  title = {{On the effectiveness of Route-based packet filtering for distributed {DoS} attack prevention in power-law Internets}},
  booktitle = {ACM SIGCOMM},
  year = "2001"
}



@InProceedings{ref:Maennel02,
  author = {O. Maennel and A. Feldmann},
  title = "Realistic {BGP} {T}raffic for {T}est {L}abs",
  booktitle = {ACM SIGCOMM},
  year = "2002"
}

@InProceedings{ref:Subramanian05,
  author = {L. Subramanian and M. Caesar and C. T. Ee and M. Handley and M. Mao and S. Shenker and I. Stoica},
  title = "{HLP}: A {N}ext {G}eneration {I}nterdomain {R}outing {P}rotocol",
  booktitle = {ACM SIGCOMM},
  year = "2005"
}



@InProceedings{ref:Floyd01,
  author = {S. Floyd and V. Paxson},
  title = {{Difficulties in simulating the Internet}},
  booktitle = {IEEE Trans. Netw.},
  year = "2001"
}


@Misc{ref:caidarelationship,
  author =   {},
  title =    {{The CAIDA AS Relationships Dataset, 2004-2008}},
  howpublished = {\url{http://www.caida.org/data/active/as-relationships/}}
}

@Misc{ref:cymru,
  author =   {Cymru},
  title =    {{IP-to-AS mapping}},
  howpublished = {\url{http://www.team-cymru.org/Services/ip-to-asn.html}}
}


@InProceedings{ref:Mao03,
  author = { Z. Morley Mao and J. Rexford and J. Wang and R. Katz},
  title = {{Towards an Accurate AS-Level Traceroute Tool}},
  booktitle = {ACM SIGCOMM},
  year = "2003"
}

@InProceedings{ref:email08,
  author = {Authors and Administrator},
  title = {{Question about Routeviews}},
  booktitle = {Email communication between administrator of Routeview project},
  year = "2008"
}

@InProceedings{ref:AC08,
  author = {A. Dhamdhere and C. Dovrolis},
  title = {{Ten Years in the Evolution of the Internet Ecosystem}},
  booktitle = {IMC},
  year = "2008"
}

@InProceedings{ref:HTMCTAA05,
  author = {H. Madhyastha and T. Isdal and M. Piatek and C. Dixon and T. Anderson and A. Krishnamurthy and A. Venkataramani},
  title = {{iPlane: An Information Plane for Distributed Services}},
  booktitle = {Proc. of OSDI},
  year = "2006"
}


@InProceedings{ref:YE05,
  author = {Y. Shavitt and E. Shir},
  title = {{DIMES: Let the Internet measure itself}},
  booktitle = {ACM SIGCOMM CCR},
  year = "2005"
}

@InProceedings{ref:FabTam,
  author = {D. Choffnes and Fabian E. Bustamante},
  title = "Taming the Torrent: A Practical Approach to reducing Cross-ISP traffic in Peer-to-Peer System",
  booktitle = {Technical Report, Northwestern University, IL},
  year = "2008"
}

@InProceedings{ref:mahadevan,
  author = {P. Mahadevan and D. Krioukov and M.Fomenkov and B. Huffaker},
  title = {{The Internet AS-Topology: Three data sources and One Definitive Metric}},
  booktitle = {ACM SIGCOMM CCR},
  year = "2006"
}

@InProceedings{ref:pmaha1,
  author = {P. Mahadevan and C. Hubble and D. Kriokov and B. Huffaker and A. Vahdat},
  title = {{Orbis: Rescaling degree correlations to Generate Annoted Internet Topologies}},
  booktitle = {ACM SIGCOMM},
  year = "2007"
}

@InProceedings{ref:pmaha2,
  author = {P. Mahadevan and C. Hubble and D. Kriokov and B. Huffaker and A.Vahdat},
  title = "Systematic topology analysis and generation using Degree correlation",
  booktitle = {ACM SIGCOMM},
  year = "2006"
}

@InProceedings{ref:dimes,
  author = {Yuval Shavitt and Eran Shir},
  title = {{DIMES: Let the Internet measure itself}},
  booktitle = {ACM SIGCOMM CCR},
  year = "2005"
}

@InProceedings{ref:iplane,
  author = {H. Madhyastha and T. Isdal and M. Piatek and C. Dixon and T. Anderson and A. Krishnamurthy and A. Venkataramani},
  title = {{iPlane: An Information plane for Distributed Services}},
  booktitle = {In Proc. of OSDI},
  year = "2006"
}

@InProceedings{ref:Lorenzopoisoning,
  author = {S. Lo and Rocky K.C. Chang and L. Colitti},
  title = {{An Active Approach to Measuring Routing Dynamics Induced by Autonomous Systems}},
  booktitle = {{ExpCS}},
  year = "2007"
}


@Misc{ref:routeviews,
  author =   {ROUTEVIEWS},
  title =    {Routeviews Project},
  howpublished = {\url{http://www.routeviews.org/}}
}


@Misc{ref:skitter,
  author =   {CAIDA},
  title =    {{Skitter AS adjacency list}},
  howpublished = {\url{http://www.caida.org/tools/measurement/skitter/as_adjacencies.xml}}
}

@Misc{ref:irr,
  author =   {},
  title =    {{Internet Routing Register}},
  howpublished = {\url{http://www.irr.net}}
}


@InProceedings{ref:weibull,
  author = {W. Weibull},
  title = "A statistical distribution function of wide applicability",
  booktitle = {J. Appl. Mech. 18:293-7},
  year = "1951"
}


@Misc{ref:cidr,
  author =   {},
  title =    {{CIDR report}},
  howpublished = {\url{http://www.cidr-report.org}}
}


@phdthesis{ref:H06,
  author = {H. Chang},
  title = {{An Economic-Based Empirical Approach to Modeling the Internet Inter-Domain Topology and Traffic Matrix}},
  school = {{University of Michigan, Ann Arbor, MI}},
  year = "2006"
}


@InProceedings{ref:HRSSW04,
  author = {H. Chang and R. Govindan and S. Jamin and S. J. Shenker and W. Willinger},
  title = {{Towards capturing representative AS-level Internet topologies}},
  booktitle = {Computer Netw.},
  year = "2004"
}

@InProceedings{ref:MPC99,
  author = {M. Faloutsos and P. Faloutsos and C. Faloutsos},
  title = {{On Power-law Relationships of the Internet Topology}},
  booktitle = {ACM SIGCOMM},
  year = "1999"
}

@InProceedings{ref:QHRS02,
  author = {Q. Chen and H. Chang and R. Govindan and S. Jamin and S. Shenker and W. Willinger},
  title = {{The Origin of Power Laws in Internet Topologies Revisited}},
  booktitle = {IEEE Infocom},
  year = "2002"
}

@InProceedings{ref:AIJ00,
  author = {A. Medina and I. Matta and J. Byers},
  title = "On the origin of power-laws in Internet topologies",
  booktitle = {ACM SIGCOMM Computer Communication Review},
  year = "2000"
}


@InProceedings{ref:SAD04,
  author = {S. Jaiswal and A. Rosenberg and D. Towsley},
  title = "Comparing the structure of power law graphs and the Internet AS graph",
  booktitle = {IEEE ICNP},
  year = "2004"
}

@InProceedings{ref:PCDBA07,
  author = {Priya Mahadevan and Calvin Hubble and Dmitri Krioukov and Bradley Huffaker and Amin Vahdat},
  title = {{Orbis: Rescaling Degree Correlations to Generate Annotated Internet Topologies}},
  booktitle = {ACM SIGCOMM},
  year = "2007"
}

@InProceedings{ref:PCDBA06,
  author = {Priya Mahadevan and Calvin Hubble and Dmitri Krioukov and Bradley Huffaker and Amin Vahdat},
  title = {{Systematic Topology Analysis and Generation Using Degree Coorelations}},
  booktitle = {ACM SIGCOMM},
  year = "2006"
}


@InProceedings{ref:RD06,
  author = {R. Cohen and D. Raz},
  title = {{The Internet Dark Matter: on the Missing Links in the AS Connectivity Map}},
  booktitle = {IEEE Infocom},
  year = "2006"
}


@InProceedings{ref:PDMB06,
  author = {P. Mahadevan and D. Krioukov and M. Fomenkov and B. Huffaker},
  title = {{The Internet AS-level topology: Three Data sources and One definitive metric}},
  booktitle = {ACM SIGCOMM CCR},
  year = "2006"
}


@Article{ref:DS98,
  author = {D. J. Watts and S. H. Strogatz},
  title = {Collective dynamics of "small-world" networks},
  journal =  {Nature},
  year = "1998"
}


@InProceedings{ref:VL01,
  author = {Venkata N. Padmanabhan and Lakshminarayanan Subramanian},
  title = "An Investigation of Geographic Mapping Techniques for Internet Hosts",
  booktitle = {Proceedings of SIGCOMM},
  year = "2001"
}

@InProceedings{ref:CJW01,
  author = {H. Chang and S. Jamin and W. Willinger},
  title = "Inferring AS-level Internet topology from router-level path traces",
  booktitle = {SPIE ITCom},
  year = "2001"
}


@InProceedings{OPWZZ08,
  author = {R. Oliveira and D. Pei and W. Willinger and B.Zhang and L. Zhang},
  title = {{In Search of the Elusive Ground Truth: The Internet's AS-level Connectivity Structure}},
  booktitle = {ACM SIGMETRICS},
  year = "2008"
}

@InProceedings{OPWZZ07,
  author = {R. Oliveira and B. Zhang and L. Zhang},
  title = {{Observing the Evolution of Internet AS Topology}},
  booktitle = {ACM SIGCOMM},
  year = "2007"
}

@techreport{Otech08,
  author = {R. Oliveira and D. Pei and W. Willinger and B. Zhang and L. Zhang},
  title = {{Quantifying the Completeness of the Observed Internet AS-level Structure}},
  number = {080026},
  school = {{UCLA}},
  year = "2008"
}


@Article{ref:BC99,
  author = {H. Burch and B. Cheswick},
  title = "Mapping the Internet",
  journal =  {{IEEE} Computer},
  year = "1999"
}

@Article{ref:CMM99,
  author =   {K. Claffy and T. E. Monk and D. McRobb},
  title =    {Internet tomography},
  journal =  {Nature},
  year =  "1999"
}

@InProceedings{ref:GT00,
  author = {R. Govindan and H. Tangmunarunkit},
  title = "Heuristics for Internet map discovery",
  booktitle = {{IEEE} Infocom},
  year ="2000"
  }


@InProceedings{ref:networking2004,
  author =   {Kuai Xu and Zhenhai Duan and Zhi-Li Zhang and Jaideep Chandrashekar},
  title =    {{On Properties of Internet Exchange Points and Their Impact on AS Topology and Relationship}},
  booktitle ={Third International IFIP Networking 2004}
}


@Misc{ref:tier1dp,
   title =    {ISP spat blacks out Net connections},
  howpublished = {\url{http://www.networkworld.com}}
}


@InProceedings{ref:EJLI2001,
  author =   {A. Elwalid and C. Jin and S. Low and I. Widjaja},
  title =    {{MATE: MPLS adaptive traffic engineering}},
  booktitle ={IEEE INFOCOM},
  year =     2001
}

@InProceedings{ref:FT2003,
  author =   {B. Fortz and M. Thorup},
  title =    {{Robust optimization of OSPF/IS-IS weights}},
  booktitle ={Proc. of INOC},
  year = 2003
}

@InProceedings{ref:GNTD2003,
  author =   {F. Giroire and A. Nucci and N. Taft and C. Diot},
  title =    {{Increasing the robustness of IP backbones in the absence of optical level protection}},
  booktitle ={IEEE INFOCOM},
  year = 2003
}

@InProceedings{ref:KKDC2005,
  author =   {S. Kandula and D. Katabi and B. Davie and A. Charny},
  title =    {{Walking the tightrope: Responsive yet stable traffic engineering}},
  booktitle ={Proceeding of ACM SIGCOMM},
  year = 2005
}

@InProceedings{ref:NLYZ2003,
  author =   {S. Nelakuditi and S. Lee and Y. Yu and Z. Zhang},
  title =    {{Failure insensitive routing for ensuring service availability}},
  booktitle ={Proceeding of International Workshop on Quality of Service (IWQoS)},
  year = 2003
}

@InProceedings{ref:NSBTC2003,
  author =   {A. Nucci and B. Schroeder and S. Bhattacharyya and N. Taft and C. Diot},
  title =    {{IGP link weight assignment for transient link failures}},
  booktitle ={Proceedings of ITC},
  year = 2003
}

@Article{ref:KKL2003,
  author =   {K. Kar and M. S. Kodialam and T. V. Lakshman},
  title =    {Routing restorable bandwidth guaranteed connections using maximum 2-route flows},
  journal =  {{IEEE/ACM} Transactions on Networking},
  year =     2003
}

@InProceedings{ref:KL2001,
  author =   {M. Kodialam and T. V. Lakshman},
  title =    {{Dynamic routing of locally restorable bandwidth guaranteed tunnels using aggregated link usage information}},
  booktitle ={Proceedings of IEEE INFOCOM},
  year = 2001
}

@InProceedings{ref:KLS2004,
  author =   {M. Kodialam and T. V. Lakshman and S. Sengupta},
  title =    {{A simple traffic independent scheme for enabling restoration oblivious routing of resilient connections}},
  booktitle ={Proceedings of IEEE INFOCOM},
  year = 2004
}

@Article{ref:KLS2003,
  author =   {M. Kodialam and T. V. Lakshman},
  title =    {{Dynamic routing of restorable bandwidth-guaranteed tunnels using aggregated network resource usage information}},
  journal ={{IEEE/ACM} Transactions on Networking},
  year = 2003
}

@InProceedings{ref:ABC2004,
  author =   {D. Applegate and L. Breslau and E. Cohen},
  title =    {{Coping with network failures: Routing strategies for optimal demand oblivious restoration}},
  booktitle ={Proceedings of ACM SIGMETRICS},
  year = 2004
}

@InProceedings{ref:ABKM2001,
  author =   {D. G. Andersen and H. Balakrishnan and M. F. Kaashoek and R. Morris},
  title =    {{Resilient overlay networks}},
  booktitle ={SOSP},
  year = 2001
}

@InProceedings{ref:GMGLW2004,
  author =   {K. P. Gummadi and H. Madhyastha and S. D. Gribble and H. M. Levy and D. J. Wetherall},
  title =    {{Improving the reliability of Internet paths with one-hop source routing}},
  booktitle ={Proceedings of Symposium on Operating Systems Design and Implementation (OSDI)},
  year = 2004
}

@InProceedings{ref:DD2006,
  author =   {A. Dhamdhere and C. Dovrolis},
  title =    {{ISP and egress path selection for multihomed networks}},
  booktitle ={Proceedings of IEEE INFOCOM},
  year = 2006
}


@InProceedings{ref:BAS2003,
  author =   {A. Bremler-Barr and Y. Afek and S. Schwarz},
  title =    {{Improved BGP Convergence via Ghost Flushing}},
  booktitle ={Proceedings of IEEE INFOCOM},
  year = 2003
}

@InProceedings{ref:J2002,
  author =   { L. Jiazeng et al.},
  title =    {{An Approach to Accelerate Convergence for Path Vector Protocol}},
  booktitle ={Proceedings of IEEE Globecom},
  year = 2002
}


@InProceedings{ref:P2002,
  author =   {Dan Pei and Xiaoliang Zhao and Lan Wang and Daniel Massey and Allison Mankin and S. Felix Wu and Lixia Zhang},
  title =    {{Improving BGP Convergence Through Consistency Assertions}},
  booktitle ={Proceedings of IEEE INFOCOM},
  year = 2002
}

@Article{ref:P2005,
  author =   {Dan Pei and Matt Azuma and Daniel Massey and Lixia Zhang},
  title =    {{BGP-RCN: Improving BGP Convergence through Root Cause Notification}},
  journal={Computer Networks},
  year = 2005
}


@InProceedings{ref:FFEB2005,
  author =   {P. Francois and C. Filsfils and J. Evans and O. Bonaventure},
  title =    {{Achieving Sub-Second IGP Convergence in Large IP Networks}},
  booktitle ={ACM CCR Computer Communication Review},
  year = 2005
}

@InProceedings{ref:L2004,
  author =   {S. Lee et al.},
  title =    {{Reactive Approaches to Failure Resilient Routing}},
  booktitle ={Proceedings of IEEE INFOCOM},
  year = 2004
}


@Article{ref:OS2002,
  author =   {E. Osborne and A. Simha},
  title =    {{Traffic Engineering with MPLS}},
  journal={Cisco Press},
  year = 2002
}

@Misc{ref:SB2005,
  author = {M. Shand and S. Bryant},
  title = {{IP Fast Reroute Framework}},
  howpublished = {Internet-Draft},
  year = 2005
}

@InProceedings{ANB05,
  author =   {Sharad Agarwal and Antonio Nucci and Supratik Bhattacharyya},
  title =    {Measuring the Shared Fate of {IGP} Engineering and Interdomain Traffic},
  booktitle = {Proceedings of the International Conference on Network Protocols (ICNP)},
  year =     2005
}


@InProceedings{ref:AC03,
  author =   {David Applegate and Edith Cohen},
  title =    {Making Intra-Domain Routing Robust to Changing and
                  Uncertain Traffic Demands: Understanding Fundamental
                  Tradeoffs},
  booktitle =     {Proceedings of ACM Sigcomm},
  year =     2003
}

@InProceedings{ABC04,
  author =   {David Applegate and Lee Breslau and Edith Cohen},
  title =    {Coping with Network Failures: Routing Strategies for Optimal Demand Oblivious Restoration},
  booktitle =     {Proceedings of ACM Sigmetrics},
  year =     2004
}

@InProceedings{FYZ01,
  author =   {Victor Firoiu and Ikjun Yeom and Xiaohui Zhang},
  title =    {A Framework for Practical Performance Evaluation and
                  Traffic Engineering in {IP} Networks},
  booktitle =    {IEEE International Conference on Telecommunications(ICT)},
  year =     2001
}

@Article{FRT02,
  author =   {Bernard Fortz and Jennifer Rexford and Mikkel Thorup},
  title =    {Traffic Engineering with Traditional {IP} Routing
                  Protocols},
  journal =  {IEEE Communication Magazine},
  year =     2002
}

@InProceedings{FM00,
  author =   {B. Fortz and M. Thorup},
  title =    {Internet traffic engineering by optimizing OSPF weights},
  booktitle =    {IEEE INFOCOM},
  year =     2000
}

@InProceedings{KLS04,
  author =   {Murali Kodialam and T. V. Lakshman and Sudipta Sengupta},
  title =    {Efficient and Robust Routing of Highly Variable Traffic},
  booktitle =     {Proceedings of the Intl. Workshop on Hot Topics in Networks(Hotnets)},
  year = 2004
}

@InProceedings{RTZ03,
  author =   {M. Roughan and M. Thorup and Y. Zhang},
  title =    {Traffic Engineering with Estimated Traffic Matrices},
  booktitle =     {Proceedings of the Internet Measurement Conference(IMC)},
  year =     2003
}

@InProceedings{SGD03,
  author =   {A. Sridharan and R. Guerin and C. Diot},
  title =    {Achieving Near Optimal Traffic Engineering Solutions in Current {OSPF/ISIS} Networks},
  booktitle =     {Proceedings of IEEE Infocom},
  year =     2003
}

@InProceedings{WWZ01,
  author =   {Z. Wang and Y. Wang and L. Zhang},
  title =    {Internet traffic engineering without full mesh overlaying},
  booktitle =     {Proceedings of IEEE Infocom},
  year =     2001
}

@InProceedings{YKKV02,
  author =   {T. Ye and H. Kaur and S. Kalyanaraman and K. Vastola and S. Yadav},
  title =    {Optimization of {OSPF} weights using online simulation},
  booktitle =   {Proceedings of International Workshop on Quality of Service (IWQoS))},
  year =     2002
}

@InProceedings{ZGK05,
  author =   {Chun Zhang and Zihui Ge and Jim Kurose and Yong Liu and Don Towsley},
  title =    {Optimal Routing with Multiple Traffic Matrices: Tradeoff between Average Case and Worst Case Performance},
  booktitle =     {Proceedings of the 13th International Conference on Network Protocols (ICNP)},
  year =     2005
}

@InProceedings{ZLG05,
  author =   {Chun Zhang and Yong Liu and Weibo Gong and Jim Kurose and Robbert Moll and Don Towsley},
  title =    {On Optimal Routing with Multiple Traffic Matrices},
  booktitle =  {Proceedings of IEEE Infocom},
  year =     2005
}

@InProceedings{ZM04,
  author =   {Rui Zhang-Shen and Nick McKeown},
  title =    {Designing a Predictable Internet Backbone Network},
  booktitle = {Proceedings of the Workshop on Hot Topics in Networks (Hotnets)},
  year = 2004
}

@InProceedings{MWA05,
  author =   {Ratul Mahajan and David Wetherall and Thomas Anderson},
  title =    {{Negotiation-Based Routing Between Neighboring Domains}},
  booktitle = {USENIX/SIGCOMM Symposium on Networked Systems Design and Implementation (NSDI)},
  year = 2005
}

@Article{FBR03,
  author =   {N. Feamster and J. Borkenhagen and J. Rexford},
  title =    {Guidelines for Interdomain Traffic Engineering},
  journal =  {{ACM} {SIGCOMM} Computer Communications Review},
  year =     2003
}

@InProceedings{ICNP-TE,
   author = "Jian Qiu and Lixin Gao",
   title  = "Robust Egress Interdomain Traffic Engineering",
   booktitle = {Proceedings of the International Conference on Network Protocols (ICNP)},
   year = "2006" ,
}


@article{gao:asRelationship,
 author = {Lixin Gao},
 title = {{On inferring Autonomous System relationships in the Internet}},
 journal = {IEEE/ACM Transactions on Networking},
 year = {2001},
 doi = {http://dx.doi.org/10.1109/90.974527}
 }

@article{gao2001,
 author = {L. Gao and J. Rexford},
 title = {{Stable Internet routing without global coordination}},
 journal = {IEEE/ACM Transactions on Networking.},
 year = {2001},
 }

@article{griffin2002,
 author = {T. Griffin and F. B. Shepherd and G. Wilfong},
 title = {{The stable paths problem and interdomain routing}},
 journal = {IEEE/ACM Transactions on Networking.},
 year = {2002},
 }
 
@article{gao:asRelationship,
 author = {Lixin Gao},
 title = {{On inferring Autonomous System relationships in the Internet}},
 journal = {IEEE/ACM Trans. Netw.},
 year = {2001},
 doi = {http://dx.doi.org/10.1109/90.974527}
 }
 
 
@Misc{ref:tierdepeer,
  title = "{{ISP spat blacks out Net connections.}}",
  howpublished = {\url{http://www.networkworld.com.}}
}
 
@Misc{ref:911,
  title = "{{Internet Routing Behavior on 9/11.}}",
  howpublished = {\url{http://www.renesys.com.}}
}

@INPROCEEDINGS{xia:evalAsRelationInfer,
    author = {Jianhong Xia and Lixin Gao},
    title = {{On the Evaluation of AS Relationship Inferences}},
    booktitle = {GLOBECOM},
    year = {2004}
}


@InProceedings{ref:LSJR02,
   author = "L. Subramanian and S. Agarwal and J. Rexford and R. H. Katz",
   title  = {{Characterizing the Internet Hierarchy from multiple Vantage Points}},
   booktitle = {Infocom},
   year = "2002" ,
}


@Article{ref:XG2007,
  author =   {X. Dimitropoulos and D. Krioukov and M. Fomenkov and B. Huffaker and Y. Hyun and K.C. Claffy and G. Riley},
  title =    {{AS Relationships: Inference and Validation}},
  journal={ACM CCR},
  year = 2007
}


@InProceedings{ref:YZM07,
   author = "Y. Zhang and Z. Zhang and Z. Morley Mao and Y. Charlie Hu and B. Maggs",
   title  = "On the Impact of Route Monitor Selection",
   booktitle = {Proceedings of ACM Internet Measurement Conference},
   year = "2007" ,
}
