@string{proc-sosp = "Proc. of {ACM} {SOSP}"}
@string{simax = "{SIAM} Journal of Matrix Analysis and Applications"}

% Education program
@misc{AGEP,
  author = "{Northwestern News}",
  title = "{NSF Grant Funds Minority Graduate Study}",
  note =
"\url{http://www.northwestern.edu/univ-relations/media_relations/releases/2004/12/minorities.html}"
}

@InProceedings{CFS,
   author = "F. Dabek and M. F. Kaashoek and D. Karger and R. Morris and I. Stoica",
   title = "Wide-area cooperative storage with {CFS}",
   booktitle = "Proc. of ACM SOSP",
   year = "2001"
}

@InProceedings{MTSBD02,
    author = "A. Medinaa and N. Taft and K. Salamatian and S. Bhattacharyya and C. Diot",
    title = "Traffic Matrix Estimation: Existing Techniques and New Directions",
    booktitle = "ACM SIGCOMM",
    year = "2002",
}

%---------------------------- BGP  --------------------------
@unpublished{RouteViews,
  author = "{University of Oregon Route Views Archive Project}",
  title = "\url{http://www.routeviews.org/}"
}

@unpublished{NCC,
  author = "{Ripe NCC}",
  title = "\url{http://www.ripe.net/ripencc}"
}



%------------------- Network Tomography Work --------------------------

@Article{CDHT99,
  author = "R. Caceres and N. Duffield and J. Horowitz and D. Towsley",
  title = "Multicast-Based Inference of Network-Internal Loss Characteristics",
  journal =      "IEEE Transactions in Information Theory",
  volume =       "45",
  year =         "1999",
}

@Article{DHT+02,
  author = "N. Duffield and J. Horowitz and D. Towsley and W. Wei and T. Friedman",
  title = "Multicast-based loss inference with missing data",
  journal =      "IEEE Journal of Selected Areas of Communications",
  volume =       "20",
  number =   "4",
  year =         "2002",
}

@InProceedings{Duf03,
   author = "N. Duffield",
   title = "Simple Network Performance Tomography",
   booktitle = "{ACM SIGCOMM Internet Measurement Conference (IMC)}",
   year = "2003"
}

@InProceedings{samplingOverJoin,
  author = "S. Chaudhuri and R. Motwani and V. Narasayya",
  title = "On Random Sampling over Joins",
  booktitle = "Proc. of ACM SIGMOD",
  year = "1999"
}

@Article{reservoirSampling,
  author = "J. S. Vitter",
  title = "Random Sampling with a Reservoir",
  journal =      "ACM Transaction on Mathematical Software",
  volume =       "11",
  number =   "1",
  year =         "1985"
}

@InProceedings{Harfoush00,
    author = "K. Harfoush, A. Bestavros and J. Byers",
    title = "Robust Identification of Shared Losses Using End-to-End Unicast Probes",
    booktitle = "IEEE ICNP",
    year = "2000",
}

@InProceedings{Tsang01,
    author = "Y. Tsang, M. Coates and R. Nowak.",
    title = "Passive Network Tomography Using {EM} Algorithms",
    booktitle = "IEEE Int'l Conference on Acoustics, Speech, and Signal Processing",
    year = "2001",
}


% --------------------add by Yao---------------------------------------
@InProceedings{CDHTB99,
    author = "R. Caceres and N. Duffield and J. Horowitz and D. Towsley and T. Bu",
    title = "Multicast-Based Inference of Network-Internal Characteristics: Accuracy of Packet Loss Estimation",
    booktitle = "IEEE INFOCOM",
    year = "1999",
}

@InProceedings{Duf01,
    author = "N.G. Duffield and F.L. Presti and V. Paxson and D. Towsley",
    title = "Inferring Link Loss Using Striped Unicast Probes",
    booktitle = "IEEE INFOCOM",
    year = "2001",
}

@InProceedings{Coates99,
    author = "M.J. Coates and R. Nowak",
    title = "Network loss inference using unicast end-to-end measurement",
    booktitle = "ITC Conf. IP Traffic, Modeling and Management",
    year = "2000",
}

@Article{Habib04,
  author =       "Ahsan Habib and Maleq Khan and Bharat Bhargava",
  title =        "Edge-to-Edge Measurement-based Distributed Network Monitoring",
  journal =      "Computer Networks",
  year =         "2004",
  month =        feb,
  number =       "2",
  pages =        "211-233",
  volume =       "44",
}

@InProceedings{Lai00,
    author = "K. Lai and M. Baker",
    title = "Measuring link bandwidths using a deterministic model of packet delay",
    booktitle = "ACM SIGCOMM",
    year = "2000",
}

@InProceedings{Coates01,
    author = "M.J. Coates and R. Nowak",
    title = "Network Delay Distribution Inference from End-to-end Unicast Measurement",
    booktitle = "IEEE International Conference on Acoustics, Speech, and Signal Processing",
    year = "2001",
}

@InProceedings{Luckie04,
    author = "M. Luckie and T. McGregor",
    title = "Path diagnosis with {IPMP}",
    booktitle = "ACM SIGCOMM workshop on Network troubleshooting: research, theory and operations practice meet malfunctioning reality",
    year = "2004",
}

@InProceedings{Mahajan03,
    author = "R. Mahajan and N. Spring and D. Wetherall and T. Anderson ",
    title = "User-level Internet Path Diagnosis",
    booktitle = "ACM SOSP",
    year = "2003",
}

@InProceedings{cing03,
  author = "K. Anagnostakis and M. Greenwald and R. Ryger",
  title = "cing: Measuring Network-Internal Delays using only Existing Infrastructure",
  booktitle = "IEEE INFOCOM",
  year = "2003",
}

@InProceedings{Chua05,
  author = "D. B. Chua and E. D. Kolaczyk and M. Crovella",
  title = "Efficient Monitoring of End-to-End Network Properties",
  booktitle = "IEEE INFOCOM",
  year = "2005",
}

@InProceedings{MRWK03,
    author = "Z. M. Mao and J. Rexford and J. Wang and R. Katz",
    title = "Towards an accurate AS-level traceroute tool",
    booktitle = "ACM SIGCOMM",
    year = "2003",
}

@InProceedings{FSD02,
    author = "R. Govindan and V. Paxson",
    title = "Estimating router ICMP generation delays",
    booktitle = "Passive \& Active Measurement (PAM)",
    year = "2002",
}

%author = "Z. M. Mao and D. Johnson and J. Rexford and J. Wang and R. Katz",
@InProceedings{ASMap04,
    author = "Z. M. Mao and et. al.",
    title = "Scalable and Accurate Identification of AS-Level Forwarding Paths",
    booktitle = "IEEE Infocom",
    year = "2004",
}

@InProceedings{ASMap01,
    author = "P. Barford and W. Byrd",
    title = "Interdomain routing dynamics",
    booktitle = "Unpublished report",
    year = "2001",
}

% --------------------Measurement on Internet-------------------------------
@InProceedings{Bolot93,
    author = "J. Bolot",
    title = "Characterizing End-to-End Packet Delay and Loss in the Internet",
    booktitle = "ACM SIGCOMM",
    year = "1993",
}

@InProceedings{YMKT99,
    author = "M. Yajnik, S. Moon, J. Kurose and D. Towsley",
    title = "Measurement and Modelling of the Temporal Dependence in Packet Loss",
    booktitle = "IEEE Infocom",
    year = "1999",
}

@inproceedings{Bellardo02,
    author = "J. Bellardo and S. Savage",
    title = "Measuring Packet Reordering",
    booktitle = "Proc. of SIGCOMM IMW",
    year = "2002"
}

@unpublished{Traceroute,
  author = "Traceroute",
  title = "\url{http://www.traceroute.org/}"
}

@unpublished{Ping,
  author = "{DARPA}",
  title = "Ping"
}

@unpublished{Pathchar,
  author = "{V. Jacobson}",
  title = "Pathchar",
  note = "\url{ftp://ftp.ee.lbl.gov/pathchar}"
}

@InProceedings{Pathchar99,
    author = "Allen B. Downey",
    title = "Using pathchar to estimate Internet link characteristics",
    booktitle = "ACM SIGCOMM",
    year = "1999"
}

@InProceedings{Jain02,
    author = "M. Jain and C. Dovrolis",
    title = "End-to-End Available Bandwidth: Measurement Methodology, Dynamics, and Relation With TCP Throughput",
    booktitle = "ACM SIGCOMM",
    year = "2002",
}

@InProceedings{Paxson98Sigm,
    author = "V. Paxson",
    title = "On calibrating measurements of packet transit times",
    booktitle = "ACM SIGMETRICS",
    year = "1998",
}

@unpublished{Pchar,
    author = "B. A. Mah",
    title = "pchar: a Tool for Measuring Internet Path Characteristics",
    note = "http://www.employees.org/~bmah/Software/pchar/"
}



% ------------ Alias in Internet Topology -----------------------

@TechReport{Neil04,
  author =       "N. Spring and M. Dontcheva and M. Rodrig and D. Wetherall",
  title =        "How to Resolve {IP} Aliases",
  institution =  "University of Washingtong",
  number =       "UW-CSE-TR 04¨C05¨C04",
  year =         "May, 2004",
}

@article{Pansiot98,
 author = {J. Pansiot and D. Grad},
 title = {On routes and multicast trees in the Internet},
 journal = {SIGCOMM Comput. Commun. Rev.},
 volume = {28},
 number = {1},
 year = {1998},
 issn = {0146-4833},
 pages = {41--50},
 doi = {http://doi.acm.org/10.1145/280549.280555},
 publisher = {ACM Press},
 }

% -------------------------- RFC for FAD -------------------------------

@Unpublished{rfc791,
  author =       "{DARPA INTERNET PROGRAM}",
  title =        "Internet Protocol",
  note =         "{RFC} 791",
  year =         "1981"
}

@Unpublished{rfc792,
  author =       "J. Postel",
  title =        "Internet Control Message Protocol",
  note =         "{RFC} 792",
  year =         "1981"
}

@Unpublished{rfc1812,
  author =       "{F. Baker, Editor}",
  title =        "Requirements for IP Version 4 Routers",
  note =         "{RFC} 1812",
  year =         "1995"
}


% ------------ Parallel Computing on Linear Algebra ------------

@article{IbarraMR80,
  author    = {Oscar H. Ibarra and
               Shlomo Moran and
               Louis E. Rosier},
  title     = {A Note on the Parallel Complexity of Computing the Rank
               of Order n Matrices.},
  journal   = {Inf. Process. Lett.},
  volume    = {11},
  number    = {4/5},
  year      = {1980},
  pages     = {162},
  bibsource = {DBLP, http://dblp.uni-trier.de}
}

@article{garthen93,
    author = "J. Von zur Gathen",
    title = "Parallel linear algebra",
    journal = "Synthesis of parallel algorithms",
    publisher = "ed. J. Reif, Morgan and Kaufmatin Publishers",
    pages     = {573-617},
    year = "1993"
}

@inproceedings{Leoncini97,
 author = {M. Leoncini and G. Manzini and L. Margara},
 title = {On the parallel complexity of matrix factorization algorithms},
 booktitle = {SPAA '97: Proceedings of the ninth annual ACM symposium on Parallel algorithms and architectures},
 year = {1997},
 isbn = {0-89791-890-8},
 pages = {63--71},
 location = {Newport, Rhode Island, United States},
 doi = {http://doi.acm.org/10.1145/258492.258499},
 publisher = {ACM Press},
 }

@article{Pan87,
 author = {V. Pan},
 title = {Complexity of parallel matrix computations},
 journal = {Theor. Comput. Sci.},
 volume = {54},
 number = {1},
 year = {1987},
 issn = {0304-3975},
 pages = {65--85},
 doi = {http://dx.doi.org/10.1016/0304-3975(87)90019-3},
 publisher = {Elsevier Science Publishers Ltd.},
 }




% ------------  My own papers -----------------------------------
@InProceedings{CPS96,
   author = "Y. Chen and Z. Pan and J. Shi",
   title = "Load Balancing and Parallel Ray Tracing on PVM",
   booktitle = "Journal of Computer Engineering \& Application",
   month = "April",
   year = "1996"
}

@Article{PCJS96,
   author = "Z. Pan and Y. Chen and C. Jiang and J. Shi",
   title = "{PVM-G}: Parallel Graphics Design Environment",
   journal = "Journal of Computers",
   volume = "19",
   year = "1996"
}

@InProceedings{dosBenchmarking-icics01,
  author =       "Y. Chen and A. Bargteil and D. Bindel and R. Katz and J. Kubiatowicz", 
  title =        "Quantifying Network Denial of Service: A Location Service Case Study", 
  booktitle =   "Proc. of the Third International Conference on Information and Communications Security (ICICS)",
  year =         "2001"
}  

@InProceedings{sahara,
   author = "B. Raman and S. Agarwal and Y. Chen and M. Caesar and W. Cui and P.
Johansson and K.  Lai and T. Lavian and S. Machiraju and Z. M. Mao and G. Porter
and T. Roscoe and M. Seshadri and J.  Shih and K. Sklower and L. Subramanian and T.
Suzuki and S. Zhuang and A. D. Joseph and R. H. Katz and and I. Stoica",
  title = "The {SAHARA} Model for Service Composition Across Multiple Providers",
  booktitle = "Proc. of the International Conference on Pervasive Computing
(invited paper)",
  year = "2002"
}

@InProceedings{URLclustering-icnp02,
   author = "Y. Chen and L. Qiu and W. Chen and L. Nguyen and R. H. Katz",
   title = "Clustering {Web} Content for Efficient Replication",
   booktitle = "Proc. of the 10th IEEE International Conference on Network Protocols
(ICNP)",
   year = "2002"
}

@Article{URLclustering-jsac03,
   author = "Y. Chen and L. Qiu and W. Chen and L. Nguyen and R. H. Katz",
  title = "Efficient and Adaptive {Web} Replication using Content Clustering",
  journal = "IEEE Journal on Selected Areas in Communications (J-SAC), Special Issue on
Internet and WWW Meas
urement, Mapping, and Modeling",
  pages = "979-994",
  volume = "21",
  number = "6",
  year = "2003"
}

@inproceedings{KSZC03, 
  author = "B. Krishnamurthy and S. Sen and Y. Zhang and Y. Chen",
  title = "Sketch-based Change Detection: Methods, Evaluation, and Applications",
  booktitle = {Proc. of ACM SIGCOMM Internet Measurement Conference (IMC)},
  year = 2003
} 

@InProceedings{tom-sigcomm04,
    author =       "Y. Chen and D. Bindel and H. Song and R. H. Katz",
    title =        "An Algebraic Approach to Practical and Scalable Overlay Network
Monitoring",
    booktitle = "{ACM SIGCOMM}",
    year = "2004",
}

@InProceedings{idgraphs,
  author = "P. Ren and Y, Gao and Z. Li and Y. Chen and B. Watson",
  title = "IDGraphs: Intrusion Detection and Analysis Using Histographs",
  booktitle = "Proc. of the IEEE Workshop on Visualization for Computer Security (VizSEC)",
  year = "2005"
}

@InProceedings{P2PIR,
  author =  "Y. Chen and Z. Xu and C. Zhai",
  title = "A Scalable Semantic Indexing Framework for Peer-to-Peer Information Retrieval",
  booktitle = "Proc. of ACM SIGIR workshop on Heterogeneous and Distributed Information
Retrieval",
  year = "2005"
}

@Article{idgraphsJournal,
  author = "P. Ren and Y, Gao and Z. Li and Y. Chen and B. Watson",
  title = "IDGraphs: Intrusion Detection and Analysis Using Stream Compositing",
  journal = "IEEE Computer Graphics \& Applications, special issue on Visualization for Cyber
Security",
  volume = "26",
  number = "2",
  year = "2006"
}

@InProceedings{HopID-ICNP05,
  author = "Y. Zhao and B. Li and Q. Zhang and Y. Chen and W. Zhu",
  title = "Efficient HopID based Routing for Sparse Ad Hoc Networks",
  booktitle = "Proc. of the 13th IEEE International Conference on Network Protocols (ICNP)",
  year = "2005"
}

@InProceedings{revSketch-infocom06,
    author =  " Z. Li and Y. Chen and Y. Gao and A. Gupta and Y. Zhang and P. Dinda and M. Kao and
and G. Memik",
    title = "Reverse Hashing for High-speed Network Monitoring: Algorithms, Evaluation, and Applications",
    booktitle = "Proc. of IEEE INFOCOM",
    year = "2006"
}

@InProceedings{hamsa,
  author = "Z. Li and M. Sanghi and Y. Chen and M. Kao and and B. Chavez",
  title = "Hamsa: Fast Signature Generation for Zero-day Polymorphic Worms with Provable Attack Resilience",
  booktitle = "Proc. of IEEE Symposium on Security and Privacy",
  year = "2006"
}

@InProceedings{ODD-sigmetrics06,
  author = " Y. Zhao and Y. Chen and D. Bindel",
  title = "Towards Deterministic Network Diagnosis",
  booktitle = "Proc. of ACM SIGMETRICS (poster paper)",
  year = "2006"
}

@InProceedings{RAIDM-icdcs06,
  author = "Y, Gao and Z. Li and Y. Chen",
  title = "A DoS Resilient Flow-level Intrusion Detection Approach for High-speed Networks",
  booktitle = "Proc. of the IEEE International Conference on Distributed Computing Systems (ICDCS)",
  year = "2006"
}

@InProceedings{CDDHT,
  author = "Z. Li and Y. Chen and A. Beach", 
  title = "Towards Scalable and Robust Distributed Intrusion Alert Fusion with Good Load
Balancing",
  booktitle = "Proc. of ACM SIGCOMM Workshop on Large-Scale Attack Defense (LSAD)",
  year = "2006"
}

@InProceedings{NPsec06,
  author = "P. Narayana and R. Chen and Y. Zhao and Y. Chen and Z. Fu and Hai Zhou",
  title = "Automatic Vulnerability Checking of IEEE 802.16 WiMAX Protocols through TLA+",
  booktitle = "Proc. of the Second Workshop on Secure Network Protocols (NPSec)",
  year = "2006"
}

@InProceedings{ICNP06,
  author = "Y. Gao and L. Deng and A. Kuzmanovic and Y. Chen",
  title = "Internet Cache Pollution Attacks and Countermeasures", 
  booktitle = "Proc. of the 14th IEEE International Conference on Network Protocols (ICNP)",
  year = "2006"
}

@InProceedings{LEND-Sigcomm06,
    author = "Y. Zhao and Y. Chen and D. Bindel",                         
    title = "Towards Unbiased  End-to-End Network Diagnosis",             
    booktitle = "Proc. of ACM SIGCOMM",                                            
    year = "2006"
}

@InProceedings{FAD-Infocom07,
    author = "Y. Zhao and Y. Chen",
    title =  "A Suite of Schemes for User-level Network Diagnosis without Infrastructure",
    booktitle = "Proc. of IEEE INFOCOM",
    year = "2007"
}

@InProceedings{POPI-Infocom07,
    author = "G. Lu and Y. Chen and S. Birrer and F. E. Bustamante and C. Y. Cheung and X. Li",
    title = "End-to-end Inference of Router Packet Forwarding Priority",
    booktitle = "Proc. of IEEE INFOCOM",
    year = "2007"
}

%----------------------- End of my own papers ------------------------


@Article{RED,
  author = "S. Floyd and V. Jacobson",
  title = "Random Early Detection Gateways for Congestion Avoidance",
  journal =      "IEEE/ACM Transactions on Networking",
  volume =       "1",
  number =   "4",
  year =         "1993",
}

@TechReport{tomographyReport,
  author =       "Y. Chen and D. Bindel and H. Song and R. H. Katz",
  title =        "Tomography-based Overlay Network Monitoring",
  institution =  "University of California, Berkeley",
  number =       "UCB//CSD-03-1252",
  year =         "2003",
}

@InProceedings{TM03,
    author = "C. Tang and P. McKinley",
    title = "On the Cost-Quality Tradeoff in Topology-Aware Overlay Path Probing",
    booktitle = "IEEE ICNP",
    year = "2003",
}

@InProceedings{SARK02,
    author = "L. Subrmanian and S. Agarwal and J. Rexford and R. H.Katz",
    title = "Characterizing the {Internet} Hierarchy from Multiple Vantage Points",
    booktitle = "IEEE INFOCOM",
    year = "2002",
}

@InProceedings{rocketfuel,
    author = "N. Spring and R. Mahajan and D. Wetherall",
    title = "Measuring ISP Topologies with Rocketfuel",
    booktitle = "ACM SIGCOMM",
    year = "2002",
}

@PhDThesis(thesis,
  author = "Yan Chen",
  title = "Towards a Scalable, Adaptive and Network-aware Content Distribution Network",
  school = "University of California at Berkeley",
  year = "Nov. 2003"
)

@InProceedings{revSketch-imc04,
    author =       "R. Schweller and A. Gupta and E. Parsons and Y. Chen",
    title = "Reversible Sketches for Efficient and Accurate Change Detection over Network Data Streams",
    booktitle = "ACM SIGCOMM Internet Measurement Conference (IMC)",
    year = "2004"
}

@InProceedings{tomography-imc03,
    author =       "Y. Chen and D. Bindel and R. H. Katz",
    title =        "Tomography-based Overlay Network Monitoring",
    booktitle = "{ACM SIGCOMM Internet Measurement Conference (IMC)}",
    year = "2003",
}

@InProceedings{SMW02,
    author = "N. Spring and D. Wetherall and T. Anderson",
    title = "Scriptroute: A facility for distributed Internet measurement",
    booktitle = "{USITS}",
    year = "2003",
}

@Article{Paxon97,
    author = "V. Paxon",
    title = "End-to-End Routing Behavior in the {Internet}",
    journal = "IEEE/ACM Transactions on Networking",
    volume = {5},
    number = {5},
    year = "1997",
}

@InProceedings{Paxon97b,
    author = "V. Paxon",
    title = "End-to-End {Internet} Packet Dynamics",
    booktitle = "{ACM SIGCOMM}",
    year = "1997",
}

@Article{OGB02,
    author = "H. C. Ozmutlu and others",
    title = "Managing End-to-end Network performance via Optimized Monitoring Strategies",
    journal = "Journal of Network and System Management",
    volume = {10},
    number = {1},
    year = "2002",
}
%    author = "H. C. Ozmutlu and N. Gautam and R. Barton",
%    journal = "Journal of Network and System Management, Special Issue on Management of Converged Networks",

@Misc{PlanetLab,
  Title="http://www.planet-lab.org/",
  author = {{PlanetLab}},
}

%author = "Mark Coates and Alfred Hero and Robert Nowak and Bin Yu",
@Article{CHNY02,
    author = "M. Coates and A. Hero and R. Nowak and B. Yu",
    title = "{Internet Tomography}",
    journal = "IEEE Signal Processing Magazine",
    volume = {19},
    number = {3},
    pages  = {47-65},
    year   = {2002},
    annote = {A good general survey paper for network tomography}
}

@InProceedings{ABC+00,
    author = "A. Adams and others",
    title = "The Use of End-to-end Multicast Measurements for
                 Characterizing Internal Network Behavior",
    booktitle = "IEEE Communications",
    year = "May, 2000",
    annote = "A concise summary of MINC project, character
                  inferences of loss, bandwidth,
        topology, etc."
}

@InProceedings{BDPT02,
    author = "T. Bu and N. Duffield and F. Presti and D. Towsley",
    title = "Network Tomography on General Topologies",
    booktitle = "{ACM SIGMETRICS}",
    year = "2002",
}

@InProceedings{TGJ+02,
    author = "H. Tangmunarunkit and others",
    title = "Network topology generators: Degree-based vs structural",
    booktitle = "{ACM SIGCOMM}",
    year = "2002",
}
%   author = "H. Tangmunarunkit and R. Govindan and S. Jamin and S. Shenker and W. Willinger",

@Article{RKT02,
    author = "D. Rubenstein and J. F. Kurose and D. F. Towsley",
    title = "Detecting shared congestion of flows via end-to-end measurement",
    journal = "ACM Transactions on Networking",
    volume = {10},
    number = {3},
    year = "2002",
}

@InProceedings{FFF99,
    author = "M. Faloutsos and P. Faloutsos and C. Faloutsos",
    title = "On Power-law Relationship of the {Internet} Topology",
    booktitle = "{ACM SIGCOMM}",
    year = "1999",
}

@InProceedings{LAWD04,
    author = "L. Li and D. Alderson and W. Willinger and J. Doyle",
    title = "A First-Principles Approach to Understanding the Internet's
Router-level Topology",
    booktitle = "{ACM SIGCOMM}",
    year = "2004",
}

@InProceedings{Mercator,
    author = "R. Govindan and H. Tangmunarunkit",
    title = "Heuristics for {Internet} Map Discovery",
    booktitle = "{IEEE INFOCOM}",
    year = "2000",
}

@InProceedings{CCN02,
    author = "M. Coates and R. Castro and R. Nowak",
    title = "Maximum Likelihood Identification Of Network Topology From Edge-based Unicast Measurements",
    booktitle = "{ACM SIGMETRICS}",
    year = "2002",
}

@InProceedings{SSWY01,
    author = "Y. Shavitt and X. Sun and A. Wool and B. Yener",
    title = "Computing the Unmeasured: An Algebraic Approach to {Internet} Mapping",
    booktitle = "{IEEE INFOCOM}",
    year = "2001",
}

@InProceedings{ABST01,
   author = "M. Adler and others",
   title = "Tree Layout for Internal Network Characterizations in Multicast Networks",
   booktitle = "3rd International Workshop on Networked Group Communication (NGC)",
   year = "2001",
}
% author = "M. Adler and T. Bu and R. Sitaraman and D. Towsley",

@Article{SW04,
   author = "S. Sen and J. Wang",
   title = "Analyzing Peer-to-Peer Traffic Across Large Networks",
   booktitle = "ACM/IEEE Transactions on Networking",
   volume = "12",
   number = "2",
   year = "2004"
}

@InProceedings{PQW03,
   author = "V. Padmanabhan and L. Qiu and H. Wang",
   title = "Server-based Inference of {Internet} Link Lossiness",
   booktitle = "IEEE INFOCOM",
   year = "2003",
}

@misc{webReaper,
    author = "{WebReaper}",
    title = "http://www.webreaper.net"
}

@Article{wnmms-cmg02,
        author = "Y. Chen and C. Overton and R. H. Katz",
  title = "Internet {Iso-bar}: A Scalable Overlay Distance Monitoring System",
  journal = "Journal of Computer Resource Management, Computer Measurement Group",
  year = "Spring Edition, 2002"
}


@InProceedings{wnmms-stability,
   author = "Y. Chen and K. Lim and C. Overton and R. H. Katz",
   title = "On the Stability of Network Distance Estimation",
   booktitle = "ACM SIGMETRICS Performance Evaluation Review (PER)",
   year = "Sep. 2002",
}
%  booktitle = "Proceedings of ACM SIGMETRICS Practical Aspects of Performance Analysis Workshop (PAPA)",

@Book{varizoni99,
    author = "V. Varirani",
    title = "Approximation Methods",
    publisher = "Springer-Verlag",
    year = "1999"
}

@InProceedings{CG99,
  author = "M. Charikar and S. Guha",
  title = "Improved Combinatorial Algorithms for the Facility Location and $K$-median Problems",
  booktitle = "Proceedings of FOCS",
  year = "1999"
}

@InProceedings{CCFM,
  author = "M. Charikar and C. Chekuri and T. Feder and R. Motwani",
  title = "Incremental Clustering and Dynamic Information Retrieval",
  booktitle = "Proceedings of STOC",
  month = "May",
  year = "1997"
}

@InProceedings{birch,
  author = "T. Zhang and R. Ramakrishnan and M. Livny",
  title = "{BIRCH}: An efficient data clustering method for very large databases",
  booktitle = "Proceedings of SIGMOD",
  year = "1996"
}
@unpublished{Danzig,
  author = "P. Danzig",
  note = "Former {V. P.} {Techonology of Akamai}, Personal communication"
}

@unpublished{Leighton,
  author = "T. Leighton",
  title = "The Challenges of Delivering Content and Applications on the {Internet}",
  note = "Talk at UC Berkeley",
  year = "Oct. 2002"
}
%  "hief Scientist of Akamai"

@unpublished{Patterson,
  author = "D. Patterson",
  title = "{ISTORE} as Storage System of the Future",
  note = "http://www.cs.berkeley.edu/~patterson/talks/vc.ppt"
}

@/{Abilene,
  author = "Abilene Network Backbone",
  title = "\url{http://www.ucaid.edu/abilene/home.html}"
}

@unpublished{Akamai,
  author = "{Akamai Inc.}",
  title = "Technology Overview",
  note = "\url{http://www.akamai.com/en/html/technology/overview.html}"
}

@unpublished{keynote-benchmark,
  author = "Keynote Inc.",
  title = "Assure the quality of your {Web} site performance",
  note = "http://www.keynote.com/solutions/html/web\_site\_perspective.html"
}

@unpublished{keynote,
  author = "Keynote Inc.",
  title = "http://www.keynote.com/"
}

@InProceedings{ABQ01,
   author = "A. Adya and P. Bahl and L. Qiu",
   title = "Analyzing Browse Patterns of Mobile Clients",
   booktitle = "Proceedings of SIGCOMM {Internet} Measurement Workshop 2001",
}

@InProceedings{feldman99,
   author = "A. Feldmann and others",
   title = "Performance of Web Proxy Caching in Heterogeneous Bandwidth Environments",
   booktitle = "Proceedings of IEEE INFOCOM",
   year = "1999",
}
%author = "A Feldmann and R. Caceres and F. Douglis and G. Glass and M. Rabinovich",^M

@Article{GH98,
  author = "N. Guttmann-Beck and R. Hassin",
    title = "Approximation algorithms for min-sum p-clustering",
    journal = "Discrete Applied Mathematics",
    booktitle = "Discrete Applied Mathematics",
    pages =  "125-142",
    number = "13",
    volume =  "89",
    month =  "December",
    year = "1998",
}

@InProceedings{LGG+99,
   author = "B. Li and M. J. Golin and G. F. Italiano and X. Deng and K. Sohraby",
   title = "On the OPtimal Placement of {Web} Proxies in the {Internet}",
   booktitle = "Proceedings of IEEE INFOCOM",
   year = "1999"
}

@InProceedings{QPV01,
   author = "L. Qiu and V. N. Padmanabhan and G. M. Voelker",
   title = "On the Placement of {Web} Server Replica",
   booktitle = "Proceedings of IEEE INFOCOM",
   year = "2001"
}

@InProceedings{JJK+01,
   author = "S. Jamin and C. Jin and A. Kurc and D. Raz and Y. Shavitt",
   title = "Constrained Mirror Placement on the {Internet}",
   booktitle = "Proceedings of IEEE INFOCOM",
   month = "April",
   year = "2001",
}

@InProceedings{dtree-iptps02,
   author = "Y. Chen and R. H. Katz and J. D. Kubiatowicz",
   title = "Dynamic Replica Placement for Scalable Content Delivery",
   booktitle = "Proc. of the First International Workshop on Peer-to-Peer Systems
(IPTPS)",
   month = "Mar.",
   year = 2002
}

@InProceedings{dtree-pc02,
   author = "Y. Chen and R. H. Katz and J. D. Kubiatowicz",
   title = "{SCAN}: a Dynamic Scalable and Efficient Content Distribution Network",
   booktitle = "Proc. of the First International Conference on Pervasive Computing",
   month = "Aug.",
   year = 2002
}

@InProceedings{PM96,
   author = "V. N. Padmanabhan and J. C. Mogul",
   title = "Using Predictive Prefetching to Improve World Wide Web Latency",
   booktitle = "ACM SIGCOMM Computer Communication Review",
   Vol = "5",
   month = "July",
   year = "1996",
}

@InProceedings{SYZ+01,
   author = "Z. Su and Q. Yang and H. Zhang and X. Xu and Y. Hu",
   title = "Correlation-based Document Clustering using Web",
   booktitle = "Proceedings of the 34th HAWAII International conference on System Sciences",
   month = "January",
   year = "2001",
}

@InProceedings{kelly01,
   author = "T. Kelly",
   title = "Thin-Client Web Access Patterns: Measurements from a Cache-Busting Proxy",
    booktitle = "Sixth International Workshop on Web Caching and Content Distribution",
    year = "2001",
    url = "citeseer.nj.nec.com/kelly01thinclient.html"
}

@inproceedings{wolman99,
    author = "Alec Wolman and Geoffrey M. Voelker and Nitin Sharma and Neal Cardwell and Molly
Brown and Tashana Landray and Denise Pinnel and Anna R. Karlin and Henry M. Levy",
    title = "Organization-Based Analysis of Web-Object Sharing and Caching",
    booktitle = "{USENIX} Symposium on {Internet} Technologies and Systems",
    year = "1999",
    url = "citeseer.nj.nec.com/250413.html"
}

@InProceedings{Wol99b,
  author =       "A. Wolman and others",
  title =        "{On the Scale and Performance of Cooperative Web Proxy Caching}",
  booktitle =    "Proc. of SOSP",
  month =    "Dec",
  year =         "1999"
}

@InProceedings{Fan99,
  author =       "L. Fan and P. Cao and W. Lin and W. Jacobson",
  title =        "{Web Prefetching between low-bandwidth clients and proxies: potentials and performance}",
  booktitle =    "Proceedings of ACM SIGMETRICS",
  year =         "1999"
}

@InProceedings{Bre99,
  author =       "L. Breslau and P. Cao and L. Fan and G. Phillips and S. Shenker",
  title =        "Web Caching and Zipf-like Distributions: Evidence and Implications",
  booktitle =    "Proc. of IEEE INFOCOMM",
  month =    "Mar",
  year =         "1999"
}

@InProceedings{KW00,
  author =       "B. Krishnamurthy and J. Wang",
  title =        "On Network-Aware Clustering of Web Clients",
  booktitle =    "Proc. of SIGCOMM '2000",
}

@InProceedings{PQ00,
  author =       "V. N. Padmanabhan and L. Qiu",
  title =        "Content and Access Dynamics of a Busy {Web} Site: Findings and Implications",
  booktitle =    "Proc. of SIGCOMM '2000",
  month =    "Aug",
  year =         "2000"
}

@InProceedings{ZCB96,
  author =       "E. W. Zegura and others",
  title =        "How to Model an InternetWork",
  booktitle =    "Proc. of IEEE INFOCOM",
  year = "1996"
}


@Misc{NASA,
  key="{NASA}",
  note="http://ita.ee.lbl.gov/html/contrib/NASA-HTTP.html",
  title="{NASA} Kennedy Space Center Server Traces",
}

@Misc{BBNPlanet,
  Title="telnet://ner-routes.bbnplanet.net",
  author = {BBNPlanet}

}

@Misc{mediametrix,
  Title="http://www.mediametrix.com",
  author = {MediaMetrix}

}

@Misc{nlanr-amp,
  author = {NLANR},
  Title="http://amp.nlanr.net/"
}

@Misc{CNN,
  Title="http://www.cnn.com",
  author = {CNN}

}

@Misc{ABCNews,
  Title="http://www.abcnews.com",
  author = {ABCNews}
}

@Misc{MSNBC,
  Title="Anonimized for double-blind review",
  author="Annonymous"
}

@Article(Gonzalez85,
  author = "T. F. Gonzalez",
  title = "Clustering to Minimize the Maximum Intercluster Distance",
  journal = "Theoretical Computer Science",
  pages =  "293-306",
  year = "1985",
  volume =  "38",
)

@inproceedings{dataRefresh,
    author = "J. Cho and H. Garcia-Molina",
    title = "Synchronizing a database to Improve Freshness",
    booktitle = "Proceedings of SIGMOD",
    year = "2000",
}

@inproceedings{faciltyLocationCapacitied,
    author = "K. Jain and V. Varirani",
    title = "Approximation Algorithms for Metric Facility Location and $k$-Median Problems Using the Primal-Dual Schema and Lagrangian Relaxation",
    booktitle = "Proceedings of Foundation of Computer Science (FOCS)",
    year = "1999"
}

@inproceedings{TR00,
    author = "W. Theilmann and K. Rothermel",
    title = "Dynamic Distance Maps of {Internet}",
    booktitle = "Proceedings of IEEE INFOCOM",
    year = "2000"
}

@unpublished(ZPS00,
  author = "Y. Zhang and V. Paxson and S. Shenker",
  title = "The Stationarity of {Internet} Path Properties: Routing, Loss, and Throughput",
  note = "ACIRI Technical Report",
  year = "May, 2000"
)

@inproceedings{InternetConstancy,
    author = "Y. Zhang and others",
    title = "On the Constancy of {Internet} Path Properties",
    booktitle = "Proc. of SIGCOMM IMW",
    year = "2001"
}
%   author = "Y. Zhang and N Duffield and V. Paxson and S. Shenker",

@inproceedings{gnp-infocom02,
    author = "T. S. E. Ng and H. Zhang",
    title = "Predicting {Internet} Network Distance with Coordinates-Based Approaches",
    booktitle = "Proc.of IEEE INFOCOM",
    year = "2002"
}

@inproceedings{idmap-infocomm99,
    author = "P. Francis and others",
    title = "An Architecture for a Global {Internet} Host Distance Estimation Service",
    booktitle = "Proceedings of IEEE INFOCOM",
    year = "1999"
}

@inproceedings{idmap-infocomm00,
    author = "S. Jamin and others",
    title = "On the Placement of {Internet} Instrumentation",
    booktitle = "Proceedings of IEEE INFOCOM",
    year = "2000"
}
%   author = "S. Jamin and C. Jin and Y. Jin and D. Raz and Y. Shavitt and L. Zhang",

@inproceedings{idmap-infocomm01,
    author = "S. Jamin and others",
    title = "Constrained Mirror Placement on the {Internet}",
    booktitle = "Proceedings of IEEE INFOCOM",
    year = "2001"
}
%   author = "S. Jamin and C. Jin and A. Kurc and D. Raz and Y. Shavitt",

@Article{idmap-ton2001,
    author = "P. Francis and others",
    title = "{IDMaps}: A Global {Internet} Host Distance Estimation Service",
    journal = "IEEE/ACM Trans. on Networking",
    month = "Oct.",
    year = "2001"
}
%   author = "P. Francis and S. Jamin and C. Jin and Y. Jin and D. Raz and Y. Shavitt and L. Zhang",

@Article{msc,
    author = "T. Grossman and A. Wool",
    title = "Computational experience with approximation algorithms for the set covering problem",
    journal = "Euro. J. Operational Research",
    volume = "101",
    number = "1",
    pages = "81-92",
    month = "August",
    year = "1997"
}

@Unpublished{worldCup98,
    author="M. Arlitt and T. Jin",
    title="Workload Characterization of the 1998 World Cup Web Site",
    note="HP Tech Report HPL-1999-35(R.1)",
}

@inproceedings{qiu-infocomm01,
    author = "L. Qiu and V. N. Padmanabhan and G. Voelker",
    title = "On the Placement of Web Server Replicas",
    booktitle = "Proceedings of IEEE INFOCOM",
    year = "2001"
}

@inproceedings{almi,
    author = " D. Pendarakis and S. Shi and D. Verma and M. Waldvogel",
    title = "{ALMI}: An Application Level Multicast Infrastructure",
    booktitle = "Proceedings of 3rd USENIX Symposium on {Internet} Technologies",
    year = "Mar, 2001"
}

@inproceedings{squid,
    author = "D. Guerreto",
    title = "Caching the Web with Linux",
    booktitle = "Linux Journal",
    year = "Feb, 1999"
}

@inproceedings{awc,
    author = "S. Michel and others",
    title = "Adaptive Web Caching: Towards a New Caching Architecture",
    booktitle = "Proceedings of 3rd International WWW Caching Workshop",
    year = "June, 1998"
}
%   author = "S. Michel and K. Nguyen and A. Rosenstein and L. Zhang and S. Floyd and V. Jacobson",

@inproceedings{webproxy,
    author = "A. Luotonen and K. Altis",
    title = "World-Wide Web Proxies",
    booktitle = "Proc. of the First International Conference on the WWW",
    year = "1994"
}

@inproceedings{lihudak89,
    author = "K. Li and P. Hudak",
    title = "Memory Coherence in Shared Virtual Memory Systems",
    booktitle = "ACM Transactions on Computer Systems",
    year = " 7(4):321-359, November 1989"
}

@inproceedings{ntp,
    author = "J. Guyton and M. Schwartz",
    title = "Experiences with a survey tool for discovering Network Time Protocol servers",
    booktitle = "Proceedings of the USENIX Summer Conference",
    year = "pages 257--265, June 1994."
}

@inproceedings{geoCaching,
    author = "J. Gwertzman and M. Seltzer",
    title = "An analysis of geographical push-caching",
    booktitle = "Proceedings of Int. Conf. on Distributed Computing Systems",
    year = "1997"
}

@inproceedings(narada,
    author = "Y. Chu and S. Rao and H. Zhang",
    title = "A Case for End System Multicast",
    booktitle = "Proceedings of ACM SIGMETRICS",
    year = "June 2000"
)

@inproceedings(rmx,
    author = "Y. Chawathe and others",
    title = "RMX: Reliable Multicast for Heterogeneous Networks",
    booktitle = "Proceedings of IEEE INFOCOM",
    year = "2000"
)
%  author = "Y. Chawathe and S. McCanne and E. Brewer",

@inproceedings{caoliu98,
    author = "P. Cao and C. Liu",
    title = "Maintaining Strong Cache Consistency in the World Wide Web",
    booktitle = "IEEE Transactions on Computers",
    year = "47(4):445--457, Apr. 1998"
}

@inproceedings{munin,
    author = "J. Carter and J. Bennett and W. Zwaenepoel",
    title = "Implementation and Performance of MUNIN",
    booktitle = "Proceedings of SOSP",
    year = "1991.",
}
%  booktitle = "Proceedings of the 13th ACM Symposium on Operating Systems Principles",

@inproceedings{contQuery,
    author = "L. Liu and C. Pu and W. Tang",
    title = "Continual queries for internet-scale event-driven information delivery",
    booktitle = "IEEE Knowledge and Data Engineering, 1999. Special
      Issue on Web Technology",
    year = "1999"
}

@inproceedings{dbis,
    author = "M. Franklin and S. Zdonik",
    title = "Dissemination-Based Information Systems",
    booktitle = "IEEE Data Engineering Bulletin",
    year = "19(3), Sep., 1996"
}

@inproceedings{express,
  author = "H. Holbrook and D. Cheriton",
  title = "{IP} Multicast Channels: EXPRESS Support for Large-scale Single-source Applications",
  booktitle = "Proceedings of the ACM SIGCOMM",
  year = "1999"
}

@inproceedings(amir98,
  author = "Y. Amir and A. Peterson and D. Shaw",
  title = "Seamlessly Selecting the Best Copy from Internet-Wide Replicated Web Servers",
  booktitle = "The 12th International Symposium on Distributed Computing (DISC'98)",
  year = "Andros, Greece, September 1998"
)

@inproceedings(karger97,
  author = "D. Karger and E. Lehman and F. T. Leighton and M. Levine and D. Lewin and R. Panigrahy",
  title = "Distributed caching protocols and random trees: Distributed caching protocols for relieving hot spots on the world wide web",
  booktitle = "29th ACM Symposium of Theory of Computing",
  month = "May",
  year = "1997"
)

@inproceedings{inclusion,
  author = "J. Baer and W. Wang",
  title = "the Inclusion Properties for Multi-Level Cache Hierarchies",
  booktitle = "Proceedings of International Symposium on Computer Architecture (ISCA)",
  year = "pp. 73--80, May 1988"
}

@unpublished(yoid,
  author = "P. Francis",
  title = "Yoid: Your Own {Internet} Distribution",
  note = "Technical report, ACIRI, http://www.aciri.org/yoid",
  year = "April, 2000"
)

@unpublished{blazeCache,
  author = "M. A. Blaze",
  title = "Caching in large-scale distributed file systems",
  note = "Technical Report TR-397-92, Princeton University",
  year = "January 1993"
}

@unpublished(ssm,
  author = "S. Bhattacharyya and others",
  title = "A Framework for Source-Specific {IP} Multicast Deployment",
  note = "IETF draft, http://www.ietf.org/internet-drafts/draft-bhattach-pim-ssm-00.txt"
)
%  author = "S. Bhattacharyya and C. Diot and L. Giuliano and R. Rockell and J. Meylor and D. Meyer and G. Shepherd",

@unpublished{CDN-redirection,
 author = "A. Barbir and others",
 title = "Known {CN} Request-Routing Mechanisms",
 note = "IETF draft, http://www.ietf.org/internet-drafts/draft-cain-cdnp-known-request-routing-04.txt"
}

@inproceedings(ap00,
  author = "Aaron Brown and David Patterson",
  title = "Towards Availability Benchmarks:
           A Case Study of Software RAID Systems",
  booktitle = "Proceedings of the 2000 USENIX Annual Technical Conference",
  address = "San Diego, CA",
  month = "June",
  year = "2000"
)

@Article(ns,
  author = "Lee Breslau and Deborah Estrin and Kevin Fall and Sally Floyd and John Heidemann and Ahmed Helmy and Polly Huang and Steven McCanne and Kannan Varadhan and Ya Xu and Haobo Yu",
  title = "Advances in Network Simulation",
  journal = "IEEE Computer",
  pages =  "59-67",
  month =  may,
  year = "2000",
  volume =  "33",
  number = "5",
)

@Unpublished(frontier,
author = "Frontier Network Inc.",
title = "{Internet} Topology",
note = "http://www.frontier.net/about/internettopology.html"
)

@Unpublished(brewer,
  author = "Eric Brewer",
  title = "Lessons from Giant-Scale Services",
  note = "draft for submission to SOSP 99"
)

@Unpublished(schneier00,
  author = "Bruce Schneier",
  title = "Distributed Denial-of-Service Attacks",
  note = "http://www.counterpane.com/crypto-gram-0002.html"
)

@Unpublished(cert-trinoo,
  author = "Symantec AntiVirus Research Center",
  title = "W32.DoS.Trinoo",
  note = "http://www.symantec.com/avcenter/venc/data/\
  w32.dos.trinoo.html"
)

@inproceedings(savage,
  author = "Stefan Savage and David Wetherall and Anna Karlin and Tom Anderson",
  title = "Practical Network Support for {IP} Traceback",
  booktitle = "Proceedings of ACM SIGCOMM Conference",
  month = "August",
  year = "2000"
)

@inproceedings(cf99,
  author = "Computer Security Institute and Federal Bureau of Investigation",
  title = "1999 CSI/FBI Computer Crime and Security Survey",
  booktitle = "Computer Security Institute publication",
  month = "March",
  year = "2000"
)

@inproceedings(plaxton,
  author = {Greg Plaxton and Rajmohan Rajaraman and Andr{e'}a W. Richa},
  title = {Accessing Nearby Copies of Replicated Objects in a
           Distributed Environment},
  booktitle = "Proceedings of the 9th Annual SCP Symposium on Parallel
               Algorithms and Architectures",
  month = "June",
  year = "1997"
)

@inproceedings{gligor83,
  author = "V. Gligor",
  title = {A Note on the {DoS} problem},
  booktitle = "Proceedings of the 1983 Symposium on Security and Privacy",
  year = "1983"
}

@article{yu-gligor90,
  author = "C. Yu and V. Gligor",
  title = "Specification and Verification Method for Preventing
           Denial of Service",
  journal = "IEEE Transactions on Software Engineering",
  volume = {16},
  number = {6},
  month = {June},
  year = {1990}
}

@inproceedings{millen92,
  author = "J. Millen",
  title = {A Resource Allocation Model for {DoS}},
  booktitle = {Proceedings of the 1992 IEEE
               Symposium on Security and Privacy},
  year = "1992"
}

@inproceedings{millen95,
  author = "J. Millen",
  title = {{DoS}: A Perspective},
  booktitle = {Dependable Computing for Critical Applications 4},
  year = "1995"
}

@inproceedings{spatscheck99,
  author = "O. Spatscheck and L. Peterson",
  title = {Defending against {DoS} attacks in {Scout}},
  booktitle = "Proceedings of the 3rd Symposium on Operating System
               Design and Implementation",
  month = "February",
  year = "1999"
}

@inproceedings{schuba97,
  author = "C. Schuba and I. Krsul and M. Kuhn and et. al.",
  title = {Analysis of a {DoS} attack on {TCP}},
  booktitle = {Proceedings of the 1997 IEEE Symposium on
               Security and Privacy},
  month = "May",
  year = "1997"
}

@inproceedings{juels99,
  author = "A. Juels and J. Brainard",
  title = {Client puzzles: A cryptographic countermeasure against
           connection depletion attacks},
  booktitle = {Proceedings of the 1999 Network and Distributed Systems
               Security Symposium},
  month = "March",
  year = "1999"
}

% journals
@string{tocs = "{ACM} Transactions on Computer Systems"}
@string{acm-surv = "{ACM} Computing Surveys"}
@string{tods = "{ACM} Transactions on Database Systems"}
@string{acm-comm = "Communications of the {ACM}"}
@string{sigmod-record = "{ACM} {SIGMOD} Record"}
@string{ieee-comp = "{IEEE} Computer"}
@string{toplas = "{ACM} {TOPLAS}"}
@string{ieee-sac = "{IEEE} Journal on Selected Areas in
                  Communications"}

% conference proceedings
@string{proc-vldb = "Proc. of Intl. Conf. on {VLDB}"}
@string{proc-sigmod = "Proc. of {ACM} {SIGMOD} Conf."}
@string{proc-srsp = "Proc. of {IEEE} {SRSP}"}
@string{proc-sigcomm = "Proc. of {ACM} {SIGCOMM} Conf."}
@string{proc-stc = "Proc. of {ACM} {STOC}"}
@string{proc-mcsa = "Proc. of {IEEE} Workshop on Mobile Computing
                  Systems \& Applications"}
@string{proc-suist = "Proc. of {ACM} Symp. on User Interface Software
                  \& Technology"}
@string{proc-mobicom = "Proc. of {ACM/IEEE} {MobiCom} Conf."}
@string{proc-sosp = "Proc. of {ACM} {SOSP}"}
@string{proc-osdi = "Proc. of {USENIX} Symp. on {OSDI}"}
@string{proc-hotos = "Proc. of {HOTOS} Conf."}
@string{proc-uwtc = "Proc. of {USENIX} Winter Technical Conf."}
@string{proc-ustc = "Proc. of {USENIX} Summer Technical Conf."}
@string{proc-popl = "Proc. of {ACM} {POPL} Symp."}
@string{proc-spaa = "Proc. of {ACM} {SPAA}"}
@string{proc-pods = "Proc. of {ACM} {PODS} Symp."}
@string{proc-podc = "Proc. of {ACM} {PODC} Symp."}
@string{proc-dom = "Proc. of {IEEE} {IWDOM}"}
@string{proc-dcs = "Proc. of {IEEE} {ICDCS}"}
@string{proc-icde = "Proc. of {IEEE} {ICDE}"}
@string{proc-adl = "Proc. of {IEEE} {ADL}"}
@string{proc-soda = "Proc. of {ACM} {SODA}"}
@string{proc-sit = "Proc. of Intl. Symp. on Information Theory"}
@string{proc-cscw = "Proc. of {ACM} {CSCW} Conf."}
@string{proc-ccs = "Proc. of {ACM} {CCS} Conf."}
@string{proc-csfw = "Proc. of {IEEE} {CSFW}"}
@string{proc-fc = "Proc. of Intl. Conf. on Financial Cryptography"}
@string{proc-ss = "Proc. of {USENIX} Security Symp."}
@string{proc-sigops = "Proc. of {ACM} {SIGOPS}"}
@string{proc-linux = "Proc. of the Atlanta Linux Showcase"}
@string{proc-pdis = "Proc. of Intl. Conf. on {PDIS}"}
@string{proc-wmda = "Proc. of Intl. Conf. on Conceptual Modeling,
                  Workshop on Mobile Data Access"}
@string{proc-sigmet = "Proc. of Sigmetrics"}
@string{proc-asplos = "Proc. of ASPLOS"}

@MastersThesis{golding91,
  author = "R. Golding",
  title = "Accessing replicated data in a large-scale distributed system",
  school = "UC Santa Cruz",
  month = jun,
  year = "1991"
}

@Article{nelson88,
  title =        "Caching in the Sprite Network File System",
  author =       "M. Nelson and B. Welch and J. Ousterhout",
  journal =      "IEEE/ACM Transactions on Networking",
  pages =        "134-154",
  month =        feb,
  year =         "1988",
  volume =       "6",
  number =       "1",
}

@string{tocs = "{ACM} Transactions on Computer Systems"}

@Article{howard88b,
  title =        "Scale and Performance in a Distributed File System",
  author =       "J. Howard and M. Kazar and S. Menees and D. Nichols and
                  M. Satyanarayanan and R. Sidebotham and M. West",
  journal =      tocs,
  pages =        "51--81",
  month =        feb,
  year =         "1988",
  volume =       "6",
  number =       "1",
}

@InProceedings{sandberg85,
  author =      "R. Sandberg and D. Goldberg and S. Kleiman and D. Walsh
                 and B. Lyon",
  title  =      "Design and Implementation of the {Sun Network
                 Filesystem}",
  booktitle=    proc-ustc,
  month =       jun,
  year =        "1985",
}

@Article{mckusick84,
  author = "M. McKusick and W. Joy and S. Leffler and R. Fabry",
  title = "A Fast File System for {UNIX}",
  journal = tocs,
  volume = "2",
  number = "3",
  month = aug,
  year = "1984",
  pages = "181--197"
}

@Article{canetti97,
  author = "R. Canetti and R. Gennaro and A. Herzberg and D. Naor",
  title = "Proactive security: Long-term protection against break-ins",
  journal = "CryptoBytes",
  volume = "3",
  number = "1",
  year = "1997"
}

@Article{lamport82,
  author = "L. Lamport and R. Shostak and M. Pease",
  title = "The Byzantine generals problem",
  journal = "ACM TOPLAS",
  volume = 4,
  number = 3,
  pages = "382--401",
  year = 1982
}

@InCollection{reiter95,
  author = "M. Reiter",
  title = "The {Rampart} Toolkit for Building High-Integrity Services",
  booktitle = "Theory and Practice in Distributed Systems",
  publisher = "Springer-Verlag",
  year = "1995"
}

@InProceedings{reiter94,
  author = "M. Reiter",
  title = "Secure Agreement Protocols: Reliable and Atomic Group Multicast
           in {Rampart}",
  booktitle = proc-ccs,
  year = "1994",
  month = nov
}

@InProceedings{barak99,
  author = "B. Barak and A. Herzberg and D. Naor and E. Shai",
  title = "The Proactive Security Toolkit and Applications",
  booktitle = proc-ccs,
  year = "1999",
  month = nov,
  pages = "18--27"
}

@InProceedings{rabin98,
  author = "T. Rabin",
  title = "A Simplified Approach to Threshold and Proactive {RSA}",
  booktitle = "Proceedings of Crypto",
  year = "1998"
}

@InProceedings{malkhi96,
  author = "D. Malkhi and M. Reiter",
  title = "Byzantine Quorum Systems",
  booktitle = proc-stc,
  year = "1997",
  month = may
}

@InProceedings{malkhi98,
  author = "D. Malkhi and M. Reiter",
  title = "Secure and Scalable Replication in {Phalanx}",
  booktitle = "Proc. of IEEE Symp. on Reliable Dist. Systems",
  year = "1998",
  month = oct
}


@InProceedings{ESB,
  author = "J. Edachery and A. Sen and F. J. Brandenburg",
  title = "Graph clustering using distance-k cliques",
  booktitle = "Proc. of Graph Drawing",
  year = "1999",
  month = "Sep"
}

@InProceedings{malkhi99,
  author = "D. Malkhi and Y. Mansour and M. Reiter",
  title = "On diffusing updates in a {Byzantine} environment",
  booktitle = "Proc. of IEEE Symp. on Reliable Dist. Systems",
  year = "1999",
  month = oct
}

@InProceedings{demers87,
  author = "A. Demers and D. Greene and C. Hauser and W. Irish and J. Larson
            and S. Shenker and H. Sturgis and D. Swindhart and D. Terry",
  title = "Epidemic algorithms for replicated database maintenance",
  booktitle = proc-podc,
  year = "1987",
  month = aug,
  pages = "1 -- 12"
}

@InProceedings{cachin00,
  author = "C. Cachin and K. Kursawe and V. Shoup",
  title = "Random Oracles in {Constantinople}: Practical Asynchronous
           {Byzantine} Agreement using Cryptography",
  booktitle = proc-podc,
  year = "2000",
  month = jul
}

@InProceedings{iyengard98,
  author = "A. Iyengard and J. Garay and R. Cahn and C. Jutla",
  title = "Design and Implementation of a Secure Distributed Data Repository",
  booktitle = "Proc. of IFIP SEC",
  year = "1998",
  month = aug,
  pages = "123--135"
}

@TechReport{tygar87,
  author = "M. Herlihy and J. D. Tygar",
  title = "How to Make Replicated Data Secure",
  number = "CMU-CS-87-143",
  institution = "{Carnegie Mellon University School for Computer Science}",
  month = aug,
  year = "1987"
}


%  editor =       "U. Maurer",
%  publisher =    "Springer-Verlag, Berlin Germany",
%  series =       "Lecture Notes in Computer Science",
%  volume =       "1070",
@InProceedings{burmester96,
  author =       "M. Burmester",
  title =        "Homomorphisms of sharing schemes:
                  a tool for verifiable signature sharing",
  pages =        "96--106",
  booktitle =    "Advances in Cryptology ({EUROCRYPT})",
  year =         "1996",
}

@InProceedings{stonebraker87,
  author =       "M. Stonebraker",
  title =        "The design of the {P}ostgres storage system",
  booktitle =    proc-vldb,
  year =         "1987",
  month =        sep,
}

@Unpublished{nist94,
  author =       "{NIST}",
  title =        "{FIPS 186} Digital Signature Standard",
  institution =  "{US} Department of Commerce",
  month =        may,
  year =         "1994",
}

@TechReport{moissis94,
  author =       "A. Moissis",
  title =        "{SYBASE} Replication Server: A Practical Architecture for
                  Distributing and Sharing Corporate Information",
  institution =  "{SYBASE} Inc.",
  month =        mar,
  year =         "1994",
}

@InProceedings{gorlik94,
  author =       "A. Gorelik and Y. Wang and M. Deppe",
  title =        "{Sybase} replication server",
  booktitle =    proc-sigmod,
  year =         "1994",
  month =        may,
}

@InProceedings{MacLoh86,
  author =       "L. Mackert and G. Lohman",
  title =        "{R}* Optimizer Validation and Performance for
                 Distributed Queries",
  booktitle =    proc-vldb,
  year =         "1986",
  month =        aug,
}

% --- User Interfaces ---
@Article{Weiser91,
  title =        "The Computer for the Twenty-First Centry",
  author =       "M. Weiser",
  journal =      "Scientific American",
  month =        sep,
  year =         "1991",
}

% --- Coherence ---

@Article{welsh99,
  title =        "Jaguar: Enabling Efficient Communication and {I/O}
                  from {Java}",
  author =       "M. Welsh and D. Culler",
  journal =      "Concurrency: Practice and Experience,
                  Special Issue on Java for High-Performance Applications",
  month =        dec,
  year =         "1999"
}


% what is "added-at"?
%  added-at =     "Wed Apr 8 11:17:26 1998",
@InProceedings{SanTsc98a,
  author =       "T. Sander and C. Tschudin",
  title =        "Towards Mobile Cryptography",
  booktitle =    proc-srsp,
  year =         "1998",
  month =        may
}

@InProceedings{SanTsc98c,
  author =       "T. Sander and C. Tschudin",
  title =        "Protecting Mobile Agents Against Malicious Hosts",
  pages =        "44--60",
  booktitle =    "Mobile Agents and Security",
  volume =       "1419",
  year =         "1998",
  publisher =    "Springer-Verlag, Berlin Germany",
  series =       "Lecture Notes in Computer Science",
  editor =       "G. Vigna",
}

@InProceedings{fan98,
  author =       "L. Fan and P. Cao and J. Almeida",
  title =        "Summary Cache: {A} Scalable Wide-Area {W}eb Cache
                 Sharing Protocol",
  booktitle =    "In Proceeding of SIGCOMM'98",
}

@InProceedings{Bellare:1995:ICA,
  author =       "M. Bellare and O. Goldreich and S. Goldwasser",
  title =        "Incremental Cryptography and Application to Virus
                 Protection",
  booktitle =    proc-stc,
  month =    may,
  year =         "1995",
  pages =        "45--56",
}

@Article{Bellare:1994:ICC,
  author =       "M. Bellare and O. Goldreich and S. Goldwasser",
  title =        "Incremental cryptography: the case of hashing and
                 signing",
  journal =      "Lecture Notes in Computer Science",
  volume =       "839",
  pages =        "216--233",
  year =         "1994",
}

@InProceedings{petersen97,
  author = "K. Petersen and M. Spreitzer and D. Terry and M. Theimer and
            A. Demers",
  title =  "Flexible Update Propogation for Weakly Consistent Replication",
  booktitle = proc-sosp,
  year = "1997",
  month = oct,
  pages = "288 -- 301"
}

@InProceedings{demers94,
  author =       "A. Demers and K. Petersen and M. Spreitzer and
                 D. Terry and M. Theimer and B. Welch",
  title =        "The {Bayou} architecture: Support for data sharing among
                 mobile users",
  booktitle =    proc-mcsa,
  year =         "1994",
  month =        dec,
  pages =        "2--7",
}

%  series =       "Asynchronous Collaboration",
@InProceedings{edwards97,
  author =       "W. Edwards and E. Mynatt and K. Petersen and
                 M. Spreitzer and D. Terry and M. Theimer",
  title =        "Designing and Implementing Asynchronous Collaborative
                 Applications with {Bayou}",
  booktitle =    proc-suist,
  pages =        "119--128",
  year =         "1997",
  keywords =     "Computer-supported cooperative work, Asynchronous
                 interaction, Distributed systems, {Bayou}",
}

@Article{levy90,
author =         "E. Levy and A. Silberschatz",
title =          "Distributed File Systems: Concepts and Examples",
journal =        acm-surv,
year =           "1990",
month =          dec,
volume =         "22",
number =         "4",
pages =          "321--375"
}

@InProceedings{spreitzer97,
  title =        "Dealing with Server Corruption in Weakly Consistent,
                 Replicated Data Systems",
  author =       "M. Spreitzer and M. Theimer and K. Petersen and
                 A. Demers and D. Terry",
  booktitle =    proc-mobicom,
  year =         "1997",
  month =        sep,
  pages =        "234--240",
}

@InProceedings{terry95,
  author =       "D. Terry and M. Theimer and K. Petersen and A.
                 Demers and M. Spreitzer and C. Hauser",
  title =        "Managing update conflicts in {Bayou}, a weakly connected
                 replicated storage system",
  booktitle =    proc-sosp,
  year =         "1995",
  month =        dec,
  pages =        "172--183",
}

@Article{kistler92,
  author =       "J. Kistler and M. Satyanarayanan",
  title =        "Disconnected Operation in the {Coda} File System",
  journal =      tocs,
  volume =       "10",
  number =       "1",
  pages =        "3--25",
  month =        feb,
  year =         "1992",
}

@Article{franklin97,
  title =        "Transactional Client-Server Cache Consistency:
                 Alternatives and Performance",
  author =       "M. Franklin and M. Carey and M. Livny",
  journal =      tods,
  pages =        "315--363",
  year =         "1997",
  volume =       "22",
  number =       "3",
}

@InProceedings{macdonald98,
  author =       "J. MacDonald and P. Hilfinger and L. Semenzato",
  title =        "{PRCS}: The Project Revision Control System",
  editor =       "Boris Magnusson",
  booktitle =    "System Configuration Management",
  series =       "Lecture Notes in Computer Science",
  publisher =    "Springer-Verlag",
  year =         "1998",
  pages =        "33--55",
}

@TechReport{jensen97,
  author =       "P. Jensen and C. Wallace and N. Soparkar",
  title =        "Specifying and Constructing Schedulers for
                  Workflows with Autonomous Executions",
  institution =  "U. of Michigan Dept. of Electrical Engineering
                  and Computer Science",
  number =       "CSE-TR-328-97",
  month =        feb,
  year =         "1997",
}

@TechReport{jensen99,
  author =       "P. Jensen and N. Soparkar",
  title =        "Relaxed Multicast Protocols using Concurrency Control Theory",
  institution =  "U. of Michigan Dept. of Electrical Engineering
                  and Computer Science",
  number =       "CSE-TR-404-99",
  year =         "1999",
}

@Article{hagersten92,
  author =      "E. Hagersten and A. Landin and S. Haridi",
  title =       "{DDM --- A Cache-only Memory Architecture}",
  journal =     ieee-comp,
  month =       sep,
  year =        "1992",
}

@TechReport{rothnie92,
  author=       "J. Rothnie",
  title =       "Overview of the {KSR1} Computer System",
  institution = "Kendall Square Research",
  number =  "TR 9202001",
  month =       mar,
  year =        "1992",
}

@InProceedings{terry94,
  author =  "D. Terry and A. Demers and K. Petersen and
                  M. Spreitzer and M. Theimer and B. Welch",
  title =   "Session Guarantees for Weakly Consistent Replicated
                  Data",
  booktitle =   proc-pdis,
  month =   sep,
  year =    "1994",
  pages =   "140--149",
}

% --- Introspection ---

@InProceedings{dalhin-www01,
    author  = "Y. Jin and others",
    title   = "Engineering server-driven consistency for large scale dynamic web services",
    booktitle    = "Proc. of the International World Wide Web Conference",
    year    = "2001"
}

@InProceedings{bestavros95,
    author  = "A. Bestavros",
    title   = "Demand-based document dissemination to reduce traffic and balance load in distributed information systems",
    booktitle    = "Proc. of the IEEE Symp. on Parallel and Distr. Processing",
    year    = "1995"
}

@InProceedings{rabinovich99b,
    author  = "M. Rabinovich and A. Aggarwal",
    title   = "RaDaR: A scalable architecture for a global Web hosting service",
    booktitle   = "The 8th Int. World Wide Web Conf",
    month   = may,
    year    = "1999"
}

@InProceedings{awerbuch96,
    author  = "B. Awerbuch and Y. Bartal and A. Fiat",
    title   = "Distributed Paging for General Networks",
    booktitle   = "Proc. of the 7th ACM-SIAM Symposium on Discrete Algorithms",
    pages = "574-583",
    month   = Jan,
    year    = "1996"
}

@InCollection{kure88,
  author = "Q. Kure",
  title = "Optimization of File Migration in Distributed Systems",
  booktitle = "UC Berkeley, Ph.D Disertation",
  year = "1988"
}

@InProceedings{gwertzman94,
    author  = "J. Gwertzman and M. Seltzer",
    title   = "The case for geographical push-caching",
    booktitle   = "Proc. of the HotOS Workshop",
    year    = "1994"
}

@InProceedings{baentsch97,
    author  = "M. Baentsch and L. Baum and G. Molter and S. Rothkugel and P. Sturm",
    title   = "Enhancing the Web's Infrastructure: From Caching to Replication",
    booktitle   = "IEEE {Internet} Computing",
    pages = "18-27",
    month   = March/April,
    volume = "1, 2",
    year    = "1997"
}

@InProceedings{heddaya97,
    author  = "A. Heddaya and S. Mirdad",
    title   = "WebWave: Globally Load Balanced Fully Distributed Caching
                    of Hot Published Documents",
    booktitle   = proc-dcs,
    month   = may,
    year    = "1997"
}

@InProceedings{rabinovich99b,
    author  = "M. Rabinovich and A. Aggarwal",
    title   = "RaDaR: A scalable architecture for a global Web hosting service",
    booktitle   = "The 8th Int. World Wide Web Conf",
    month   = may,
    year    = "1999"
}

@InProceedings{awerbuch96,
    author  = "B. Awerbuch and Y. Bartal and A. Fiat",
    title   = "Distributed Paging for General Networks",
    booktitle   = "Proc. of the 7th ACM-SIAM Symposium on Discrete Algorithms",
    pages = "574-583",
    month   = Jan,
    year    = "1996"
}

@PhDTheis{kure88,
  author = "Q. Kure",
  title = "Optimization of File Migration in Distributed Systems",
  school = "UC Berkeley, Ph.D Disertation",
  year = "1988"
}

@InProceedings{gwertzman94,
    author  = "J. Gwertzman and M. Seltzer",
    title   = "The case for geographical push-caching",
    booktitle   = "Proc. of the HotOS Workshop",
    year    = "1994"
}

@InProceedings{baentsch97,
    author  = "M. Baentsch and L. Baum and G. Molter and S. Rothkugel and P. Sturm",
    title   = "Enhancing the Web's Infrastructure: From Caching to Replication",
    booktitle   = "IEEE {Internet} Computing",
    pages = "18-27",
    month   = March/April,
    volume = "1, 2",
    year    = "1997"
}

@InProceedings{heddaya97,
    author  = "A. Heddaya and S. Mirdad",
    title   = "WebWave: Globally Load Balanced Fully Distributed Caching
                    of Hot Published Documents",
    booktitle   = proc-dcs,
    month   = may,
    year    = "1997"
}

@InProceedings{kuenning97,
  author =       "G. Kuenning and G. Popek",
  title =        "Automated Hoarding for Mobile Computers",
  pages =        "264--275",
  booktitle =    proc-sosp,
  month =        oct,
  series =       "Operating Systems Review",
  volume =       "31,5",
  year =         "1997",
}

@InProceedings{kuenning94,
    author       = "G. Kuenning",
    title        = "The Design of the Seer Predictive Caching System",
    booktitle    = proc-mcsa,
    month        = dec,
    year         = "1994"
}

@InProceedings{borowsky96,
    author  = "E. Borowsky and R. Golding and A. Merchant and
                   E. Shriver and M. Spasojevic and J. Wilkes",
    title   = "Eliminating storage headaches through self-management",
    booktitle   = proc-osdi,
    month   = oct,
    year    = "1996"
}

@InProceedings{chaudhuri97,
    author  = "S. Chaudhuri and V. Narasayya",
    title   = "An efficient, cost-driven index selection tool for
                  {Microsoft} {SQL} Server",
    booktitle   = proc-vldb,
    month   = aug,
    pages   = "146--155",
    year    = "1997"
}

@InProceedings{chaudhuri98,
    author  = "S. Chaudhuri and V. Narasayya",
    title   = "{AutoAdmin} ``what-if'' index analysis utility",
    booktitle   = proc-sigmod,
    year    = "1998",
    month   = jun,
    pages   = "367--378",
}

@TechReport{acharya93,
  author =       "Swarup Acharya and Stanley B. Zdonik",
  title =        "An Efficient Scheme for Dynamic Data Replication",
  institution =  "Department of Computer Science, Brown University",
  number =       "CS-93-43",
  year =         "1993"
}

%  organization     = "Microsoft Research and Redmond, WA",
@InProceedings{bolosky97,
  author    = "W. Bolosky and R. Draves and R. Fitzgerald and
                 C. Fraser and M. Jones and T. Knoblock and R. Rashid",
  title     = "Operating systems directions for the next millennium",
  booktitle     = proc-hotos,
  month     = may,
  year      = "1997",
}

@InProceedings{bolosky00,
  author    = "W. Bolosky and J. Douceur and D. Ely and M. Theimer",
  title     = "Feasibility of a Serverless Distributed File System Deployed on an
                   Existing Set of Desktop PCs",
  booktitle     = proc-sigmet,
  month     =  jun,
  year      = "2000"
}


@InProceedings{seltzer97,
    author  = "M. Seltzer and C. Small",
    title   = "Self-monitoring and Self-adapting Operating Systems",
    booktitle   = proc-hotos,
    pages   = "124--129",
    month   = may,
    year    = "1997"
}

@Article{wilkes96,
  author    = "J. Wilkes and R. Golding and C. Staelin and
                 T. Sullivan",
  title     = "The {HP AutoRAID} Hierarchical Storage System",
  journal   = tocs,
  year      = "1996",
  month     = feb,
  pages     = "108--136"
}

@InProceedings{matthews97,
    author  = "J. Matthews and D. Roselli and A. Costello and R. Wang and
                  T. Anderson",
    title   = "Improving the Performance of Log-Structured File
                  Systems with Adaptive Methods",
    booktitle   = proc-sosp,
    month   = oct,
    year    = "1997"
}

@InProceedings{griffioen94,
    author       = "J. Griffioen and R. Appleton",
    title        = "Reducing File System Latency using a Predictive Approach",
    booktitle    = proc-ustc,
    year         = "1994",
    month        = jun
}

@InProceedings{kroeger96,
    author       = "T. Kroeger and D. Long",
    title        = "Predicting File-System Actions from Prior Events",
    booktitle    = proc-uwtc,
    year         = "1996",
    pages        = "319--328",
    month        = jan
}



% --- Location ---

@InProceedings{czerwinski99,
  author =       "S. Czerwinski and B. Zhao and T. Hodes
                  and A. Joseph and R. Katz",
  title  =       "An Architecture for a Secure Service Discovery Service",
  booktitle =    proc-mobicom,
  year =         "1999",
}

@InProceedings{bloom70,
  author =  "B. Bloom",
  title =   "Space/time trade-offs in hash coding with allowable errors.",
  booktitle =   acm-comm,
  month =   jul,
  year =    "1970",
  volume =  "13(7)",
  pages =   "422--426"
}

@InProceedings{muchnick97,
  author =  "S. Muchnick",
  title =   "Data-flow Analysis",
  booktitle =   "Advanced Compiler Design and Implementation",
  organization = "Morgan Kaufmann Publishers",
  year =    "1997"
}

@InProceedings{kildall73,
  author =  "G. Kildall",
  title =   "A Unified Approach To Global Program Optimization",
  booktitle =   proc-popl,
  year =    "1973"
}

@TechReport{cunha95,
  author =  "Cunha, C., A. Bestavros and M. Crovella",
  title =   "Characteristics of {WWW} Client Traces",
  institution = "Boston U. Dept. of Computer Science",
  number =       "TR-95-010",
  year =         "1995"
}

@InProceedings{plaxton97,
  author =       "C. Plaxton and R. Rajaraman and A. Richa",
  title =        "Accessing Nearby Copies of Replicated Objects in a
                 Distributed Environment",
  booktitle =    proc-spaa,
  address =      "Newport, Rhode Island",
  month =        jun,
  year =         "1997",
  pages =        "311--320",
}

@InProceedings{baker91,
  author =     "Mary Baker and John H. Hartman and Michael D. Kupfer and Ken W. Shirriff and John Ousterhout",
  title =      "Measurements of a Distributed File System",
  booktitle =  proc-sosp,
  month =      oct,
  year =       1991,
  pages =      "198--211"
}

% --- Replication ---

%  series =       "ACM SIGMOD Record",
@InProceedings{gray96,
  author =       "J. Gray and P. Helland and P. O'Neil and D.
                 Shasha",
  title =        "The Dangers of Replication and a Solution",
  pages =        "173--182",
  booktitle =    proc-sigmod,
  month =        jun,
  volume =       "25, 2",
  year =         "1996",
}

@InProceedings{anderson98,
  author =       "T. Anderson and Y. Breitbart and H. Korth
                 and A. Wool",
  title =        "Replication, Consistency, and Practicality: Are These
                 Mutually Exclusive \?",
  pages =        "484--495",
  booktitle =    proc-sigmod,
  month =        jun,
  volume =       "27,2",
  year =         "1998",
}

@InProceedings{santry99,
  author =       "D. Santry and M. Feeley and N. Hutchinson and
                  A. Veitch and R. Carton and J. Ofir",
  title =        "Deciding when to Forget in the {E}lephant File System",
  booktitle =    proc-sosp,
  month =        dec,
  year =         "1999",
}

%  publisher =    "USENIX Association, Co-sponsored by IEEE TCOS and ACM SIGOPS",
@InProceedings{castro99,
  author =       "M. Castro and B. Liskov",
  title =        "Practical {Byzantine} Fault Tolerance",
  booktitle =    proc-osdi,
  year =         "1999",
}

@InProceedings{agrawal97,
  author =       "D. Agrawal and A. El Abbadi and R. Steinke",
  title =        "Epidemic Algorithms in Replicated Databases",
  pages =        "161--172",
  booktitle =    proc-pods,
  month =        may,
  year =         "1997",
}

@InProceedings{breitbart97,
  author =       "Y. Breitbart and H. Korth",
  title =        "Replication and consistency: being lazy helps
                 sometimes",
  booktitle =    proc-pods,
  month =    may,
  year =         "1997",
  pages =        "173--184",
}

@Article{pu91,
  author =       "C. Pu and A. Leff",
  title =        "Replica control in distributed systems: an
                 asynchronous approach",
  journal =      sigmod-record,
  volume =       "20",
  number =       "2",
  pages =        "377--386",
  month =        jun,
  year =         "1991",
}

@InProceedings{keleher99,
  author =       "P. Keleher",
  title =        "Decentralized Replicated-Object Protocols",
  booktitle =    proc-podc,
  month =        may,
  year =         "1999",
}

@InProceedings{wolman99,
  author =       "A. Wolman and G. Voelker and N. Sharma and N. Cardwell and A. Karlin and H. Levy",
  title =        "On the scale and performance of cooperative {W}eb proxy caching",
  booktitle =    proc-sosp,
  year =         "1999",
  month =        dec,
  pages =        "16--31",
}

@Article{Page:1998:POR,
  author =       "T. W. {Page Jr.} and R. G. Guy and J. S. Heidemann and D. H. Ratner and P. L. Reiher and A. Goel and G. H.  Kuenning and G. J. Popek",
  title =        "Perspectives on Optimistically Replicated, Peer-to-peer Filing",
  journal =      "Software Practice and Experience",
  volume =       "28",
  number =       "2",
  pages =        "155--180",
  month =        feb,
  year =         "1998",
  coden =        "SPEXBL",
  ISSN =         "0038-0644",
  bibdate =      "Thu Jul 29 15:11:39 MDT 1999",
  url =          "http://www3.interscience.wiley.com/cgi-bin/fulltext?ID=1777&;PLACEBO=IE.pdf;
  http://www3.interscience.wiley.com/cgi-bin/abstract?ID=1777",
  acknowledgement = ack-nhfb,
}

}

@Article{carey91,
  author =       "M. Carey and M. Franklin and M. Livny and E.
                 Shekita",
  title =        "Data caching tradeoffs in client-server {DBMS}
                 architectures",
  journal =      sigmod-record,
  volume =       "20",
  number =       "2",
  pages =        "357--366",
  month =        jun,
  year =         "1991"
}

%  address =      "Edmonton ({C}anada)",
@InProceedings{franklin92,
  author =       "M. Franklin and M. Carey",
  title =        "Client-Server Caching Revisited",
  pages =        "252--274",
  booktitle =    "Proceedings of the International Workshop on Distributed Object
                 Management",
  month =        aug,
  year =         "1992"
}

@InProceedings{rabinovich99,
    author  = "M. Rabinovich and I. Rabinovich and R. Rajaraman and A. Aggarwal",
    title   = "A Dynamic Object Replication and Migration Protocol
                  for an {Internet} Hosting Service",
    booktitle   = proc-dcs,
    month   = jun,
    pages   = "101--113",
    year    = "1999"
}

@InProceedings{sidell96,
    author  = "J. Sidell and P. Aoki and S. Barr and A.
                  Sah and  C. Staelin and M. Stonebraker and A. Yu",
    title   = "Data Replication in {Mariposa}",
    booktitle   = proc-icde,
    pages   = "485--495",
    month   = feb,
    year    = "1996"
}


@Article{wolfson97,
  title =        "An Adaptive Data Replication Algorithm",
  author =       "O. Wolfson and S. Jajodia and Y. Huang",
  journal =      tods,
  pages =        "255--314",
  month =        jun,
  year =         "1997"
}

% --- Archival stuff ---

@InProceedings{CEGS98,
    author  = "Y. Chen and J. Edler and A. Goldberg and A. Gottlieb and S. Sobti and P. Yianilos",
    title   = "Prototype Implementation of Archival Intermemory",
    booktitle   = proc-icde,
    pages   = "485--495",
    month   = feb,
    year    = "1996"
}

@InProceedings{GY98,
    author  = "A. Goldberg and P. Yianilos",
    title   = "Towards an Archival Intermemory",
    booktitle   = proc-adl,
    pages   = "147--156",
    month   = apr,
    year    = "1998"
}

@InProceedings{lms97,
    author  = "M. Luby and M. Mitzenmacher and M. Shokrollahi and D. Spielman and V. Stemann",
    title   = "Practical Loss-Resilient Codes",
    booktitle = proc-stc,
    pages   = "150--159",
    year    = "1997"
}

@InProceedings{lms98a,
    author = "M. Luby and M. Mitzenmacher and M. Shokrollahi",
    title = "Analysis of Random Processes via And-Or Tree Evaluation",
    booktitle = proc-soda,
    pages = "249--258",
    year = "1998"
}

@InProceedings{lms98b,
    author = "M. Luby and M. Mitzenmacher and M. Shokrollahi and D. Spielman",
    title = "Analysis of Low Density Codes and Improved Designs Using Irregular Graphs",
    booktitle = proc-stc,
    year = "1998"
}

@InProceedings {lms98c,
    author = "M. Luby and M. Mitzenmacher and M. Shokrollahi and D. Spielman",
    title = "Improved Low Density Parity Check Codes Using Irregular Graphs and Belief Propagation",
    booktitle = proc-sit,
    year = "1998"
}

@InProceedings{lms99,
    author = "M. Luby and M. Mitzenmacher and M. Shokrollahi
             and D. Spielman and V. Stemann",
    title = "Analysis of Low Density Codes and Improved Designs
            Using Irregular Graphs",
    booktitle = proc-stc,
    year = "1998",
    month = may
}

@InProceedings{prr97,
    author = "C. Plaxton and R. Rajaraman and A. Richa",
    title = "Accessing Nearby Copies of Replicated Objects in a Distributed Environment",
    booktitle = proc-spaa,
    month = jun,
    year = "1997"
}

@Article{pla99,
    author = "J. Plank",
    title = "A Tutorial on Reed-Solomon Coding for Fault-Tolerance in RAID-like Systems",
    journal = "Software Practice and Experience",
    pages = "995-1012",
    month = sep,
    year = "1997",
    volume = "27",
    number = "9",
}


% --- Security stuff ---

% ...Secure computation...

@Unpublished{rhea99,
  author =       "S. Rhea and W. Weimer",
  title =        "Data Location in the {OceanStore}",
  note =         "Available at {\tt
                  http://www.cs.berkeley.edu/\~~srhea/ research/oceanstore/}."
}

@Unpublished{song99,
  author =       "D. Song and D. Wagner and A. Perrig",
  title =        "Search on Encrypted Data",
  note =         "To be published in {\em Proc. of {IEEE} {SRSP}}, May
                  2000."
}

@TechReport{canetti96,
  author =       "R. Canetti and U. Feige and O. Goldreich and M. Naor",
  title =        "Adaptively Secure Multi-party Computation",
  institution =  "Massachusetts Institute of Technology
                  Laboratory for Computer Science",
  number =       "682",
  year =         "1996"
}

%... Formal authentication models...

@Article{lampson92,
  author =       "B. Lampson and M. Abadi and M.
                 Burrows and E. Wobber",
  title =        "Authentication in Distributed Systems: Theory and
                 Practice",
  journal =      tocs,
  volume =       "10",
  number =       "4",
  pages =        "265--310",
  month =        nov,
  year =         "1992",
}



@Article{abadi93a,
  author =       "M. Abadi and M. Burrows and B. Lampson
                 and G. Plotkin",
  title =        "A Calculus for Access Control in Distributed Systems",
  journal =      toplas,
  year =         "1993",
  month =        sep,
  number =       "4",
  pages =        "706--734",
  volume =       "15",
}

@Article{Kung:1981:OMC,
  author =       "H. Kung and J. Robinson",
  title =        "On Optimistic Methods for Concurrency Control",
  journal =      tods,
  volume =       "6",
  number =       "2",
  pages =        "213--226",
  month =        jun,
  year =         "1981"
}

@InProceedings{kawell88,
  author =       "L. Kawell and S. Beckhardt and T. Halvorsen and
                  R. Ozzie and I. Greif",
  title =        "Replicated Document Management in a Group
                  Communication System",
  year =         "1988",
  month =        sep,
  booktitle =    proc-cscw
}

%  address =      "Systems Research Center SRC, DEC",
@InProceedings{abadi93b,
  author =       "E. Wobber and M. Abadi and M. Burrows and
                 B. Lampson",
  title =        "Authentication in the {Taos} Operating System",
  year =         "1993",
  month =        dec,
  pages =        "256--269",
  booktitle =    proc-sosp
}

%  editor =       "G. Tsudik",
@InProceedings{appel99,
  author =       "A. Appel and E. Felten",
  title =        "Proof-Carrying Authentication",
  booktitle =    proc-ccs,
  year =         "1999",
  month =        nov,
  keywords =     "LF, Elf",
}

% ... Key management and naming ...

@Unpublished{perrig99,
  author =       "A. Perrig",
  title =        "Efficient Collaborative Key Management Protocols
                  for Secure Autonomous Group Communication",
  year =         "1999",
}

%  note =         "Version 1.0, Manuscript",
@Unpublished{rivest96,
  author =       "R. Rivest and B. Lampson",
  title =        "{SDSI}---{A} Simple Distributed Security
                 Infrastructure",
  note =     "Manuscript",
  year =         "1996",
}

@Unpublished{crispin96,
  author =       "M. Crispin",
  title =        "{Internet} Message Access Protocol --- Version 4rev1",
  note =         "{RFC} 2060",
  year =         "1996",
  month =        dec
}

@Unpublished{ellison99a,
  author =       "C. Ellison and B. Frantz and R. Rivest and B. Thomas
                  and T. Ylonen",
  title =        "{SPKI} Certificate Theory",
  note =         "{RFC} 2693",
  year =         "1999"
}

%  publisher =    "IEEE Computer Society Press",
@InProceedings{abadi97,
  author =       "M. Abadi",
  title =        "On {SDSI}'s Linked Local Name Spaces",
  booktitle =    proc-csfw,
  year =         "1997",
}

@InProceedings{blaze96,
  author =       "M. Blaze and J. Feigenbaum and J. Lacy",
  title =        "Decentralized Trust Management",
  booktitle =    proc-srsp,
  year =         "1996",
  month =        may,
}

@InProceedings{rivest98,
  author =       "R. Rivest",
  title =        "Can We Eliminate Certificate Revocation Lists?",
  year =         "1998",
  publisher =    "Springer",
  booktitle =    proc-fc,
  series =       "Lecture Notes in Computer Science",
}

@Article{ellison99b,
  author =       "C. Ellison",
  title =        "The nature of a useable {PKI}",
  journal =      "Computer Networks",
  year =         "1999",
  month =        may,
  number =       "8",
  pages =        "823--830",
  volume =       "31",
}

@Article{ellison00,
  author =       "C. Ellison and B. Schneier",
  title =        "Ten Risks of {PKI}: What You're Not Being Told About
                 Public-Key Infrastructure",
  journal =      "Computer Security Journal",
  volume =       "16",
  number =       "1",
  pages =        "1--7",
  month =        jan,
  year =         "2000",
}

%  editor =       "{USENIX Association}",
@InProceedings{ellison96,
  author =       "C. Ellison",
  title =        "Establishing Identity Without Certification
                  authorities",
  booktitle =    proc-ss,
  month =        jul,
  year =         "1996",
  pages =        "67--76",
}

@InProceedings{mazieres99,
  author =       "D. Mazi{\`e}res and M. Kaminsky and F.
                 Kaashoek and E. Witchel",
  title =        "Separating Key Management from File System Security",
  booktitle =    proc-sosp,
  year =         "1999",
}

@InProceedings{mazieres98,
  author =       "D. Mazi{\`e}res and F. Kaashoek",
  title =        "Escaping the Evils of Centralized Control with
                  Self-Certifying Pathnames",
  booktitle =    proc-sigops,
  month =        sep,
  year =         "1998",
}

@Misc{levien,
  author =       "R. Levien and A. Aiken",
  title =        "An Attack-Resistant, Scalable Name Service",
}

% ... Cryptographic file systems ...

@InProceedings{blaze93,
    author = "M. Blaze",
    title = "A cryptographic file system for {UNIX}",
    booktitle = proc-ccs,
    month = nov,
    year = "1993"
}

@InProceedings{hughes99,
    author = "J. Hughes and C. Feist and S, Hawkinson and
              M. O'Keefe and D. Corcoran",
    title = "A Universal Access, Smart-Card-Based Secure File System",
    booktitle = proc-linux,
    month = oct,
    year = "1999"
}

% ... Denial of Service Attacks ...


@article{lmbrbefh97,
author = "I.M. Leslie and D. McAuley and R. Balc and T. Roscoe and
                  P. Barham and D. Evers and R. Fairbairns and E. Hyden",
title = "The Design and Implementation of an Operating System to
                  Support Distributed Multimedia Applications",
journal = ieee-sac,
month = sep,
pages = "1280-1297",
year = "1996"
}


@InProceedings{spatscheck99,
    author = "O. Spatscheck and L. Petersen",
    title = "Defending Against Denial of Service Attacks in {S}cout",
    booktitle = proc-osdi,
    month = feb,
    year = "1999"
}

@InProceedings{meadows99,
    author = "C. Meadows",
    title = "A Formal Framework and Evaluation Method for
             Network Denial of Service",
    booktitle = proc-csfw,
    month = jun,
    year = "1999"
}

% --- Economics ---

@InProceedings{stonebraker94,
  author =       "M. Stonebraker and R. Devine and M. Kornacker and W.
                 Litwin and A. Pfeffer and A. Sah and C. Staelin",
  title =        "An Economic Paradigm for Query Processing and Data
                 Migration in Mariposa",
  pages =        "58--68",
  booktitle =    proc-pdis,
  month =        sep,
  publisher =    "IEEE Computer Society Press",
  year =         "1994",
}

% --- filesystems ---
@InProceedings{NFS:RFC,
  author =    "{Internet} Engineering Task Force",
  title  =       "{NFS} network file system protocol specification",
  booktitle =    "{RFC} 1094",
  month  =    mar,
  year   =    "1989",
}

@Article{AFS:Satya,
  author =      "M. Satyanarayanan",
  title =       "Scalable, Secure, and Highly Available Distributed
                  File Access",
  journal =      ieee-comp,
  volume =       "23",
  number =       "5",
  year =         "1990",
  month =        may,
}

@InProceedings{howard88,
  author =      "J. Howard",
  title  =      "An Overview of the {Andrew} File System",
  booktitle=    proc-uwtc,
  month =       feb,
  year =        "1988",
}


@InProceedings{XFS,
  author =      "T. Anderson and M. Dahlin and J. Neefe and
                 D. Patterson and D. Roselli and R. Wang",
  title  =      "{Serverless Network File Systems}",
  booktitle=    proc-sosp,
  month =       dec,
  year =        "1995",
}

@InProceedings{CCache,
  author =     "M. Dahlin and T. Anderson and D. Patterson and R. Wang",
  title =      "Cooperative Caching: Using Remote Client Memory to Improve
                File System Performance.",
  booktitle =  proc-osdi,
  month =      nov,
  year =        "1994",
}

@InProceedings{Rumor,
  author =     "R. Guy and P. Reihler and D. Ratner and M. Gunter and
                W. Ma and G. Popek",
  title =      "Rumor: Mobile Data Access Through Optimistic Peer-to-Peer
                Replication",
  booktitle =  proc-wmda,
  year =        1998,
}

% -- service delivery---

%  author   = "D. Karger and E. Lehman and T. Leighton and M. Levine and D. Lewin and R. Panigrahy",
@InProceedings{K97,
  author    = "D. Karger and others",
  title     = "Consistent hashing and random trees. Distributed
                  caching protocols for relieving hot spots on the
                  World Wide Web.",
  booktitle     = proc-stc,
  year      =  "1997",
}

@misc{eugene,
  author = "T. S. E. Ng",
  note = "Personal communication"
}

@misc{exodus,
  author = "Exodus Communications Inc.",
  title = "http://www.exodus.com",
  year = "2001"
}

@misc{digitalIsland,
  author = "DigitalIsland",
  title = "http://www.digitalIsland.com",
}

% -- for introspection spring00 class final report --
@InCollection{CDD,
    author = "CISCO",
    title = "CISCO Distributed Director",
    booktitle = "http://www.cisco.com/warp/public/751/distdir/"
}

@InCollection{huitema95,
  author = "C. Huitema",
  booktitle = "Routing in the {Internet}",
  publisher = "Prentice Hall, New Jersey",
  year = "1995"
}


@article{zegura97,
author = "E. Zegura and K. Calvert and M. Donahoo",
title = "A Quantitative Comparison of Graph-based Models for {Internet} Topology.",
journal = "IEEE/ACM Transactions on Networking",
month = dec,
year = "1997"
}

@InCollection{dec97,
  author = "DEC",
  title = "DEC binary web proxy trace",
  booktitle = "ftp://ftp.digital.com/pub/DEC/traces/proxy/ webtraces.v1.2.html",
  year = "1997"
}

@inProceedings{cc2000,
  author = "Brent N. Chun and David E. Culler.",
  title = "REXEC: A Decentralized, Secure Remote Execution Environment for Clusters",
  month = "january",
  year = "2000",
  note = "To appear in 4th Workshop on Communication, Architecture, and
        Applications for Network-based Parallel Computing",

}

@InProceedings{hill00,
  author = "J. Hill and R. Szewczyk and A. Woo and D. Culler and S. Hollar
            and K. Pister",
  title = "System Architecture Directions for Networked Sensors",
  booktitle = proc-asplos,
  month = nov,
  year = "2000"
}

% -- for introspection spring00 class final report --
@WhitePaper{CDD,
    title = "CISCO Distributed Director",
    booktitle = "http://www.cisco.com/warp/public/751/distdir/"
}

@InCollection{huitema95,
  author = "C. Huitema",
  booktitle = "Routing in the {Internet}",
  publisher = "Prentice Hall, New Jersey",
  year = "1995"
}


@inbook{norman99,
  author = "Donald Norman",
  title = "The Invisible Computer",
  year = "1999",
  pages = "62--63",
  publisher = "MIT Press",
  address = "Cambridge, MA"
}

@Article{GW94,
    author = "T. Grossman and A. Wool",
    title = "Computational experience with approximation algorithms for the set covering problem",
    journal = "Euro. J. Operational Research",
    volume = "101",
    number = "1",
    pages = "81-92",
    month = "August",
    year = "1997"
}

%--------- More references from DoS benchmarking paper ------------------

@Misc{JINI,
  author = "Sun Microsystems Inc.",
  title = "JINI Network Technology",
  note = {\url{http://www.sun.com/jini/}},
  year = "2001"
}

@Misc{cc2.1,
  author = "Common Criteria Implementation Board (CCIB) and International Organization for Standardization (ISO)",
  title = "Common {Criteria} Version 2.1 / {ISO IS} 15408",
  note = {\url{http://csrc.nist.gov/cc/ccv20/ccv2list.htm#CCV21}},
  year = "1999"
}

@Misc{RFC2267,
  author = "P. Ferguson and D. Senie",
  title = "Network Ingress Filtering: Defeating Denial of Service Attacks which employ {IP} Source Address Spoofing",
  note = "RFC2267, \url{http://www.landfield.com/rfcs/rfc2267.html}",
  year = "1998"
}

@Misc{NIPC-findddos,
  author = "National Infrastructure Protection Center",
  title = "find\_ddos: find Distributed Denial of Service (DDOS)",
  note = "\url{http://www.nipc.gov/warnings/alerts/1999/README}",
  year = "2001"
}

@Misc{snort,
  author = "Marty Roesch",
  title = "Snort: The Lightweight Network Intrusion Detection System",
  note = "\url{http://www.snort.org/}",                                     
  year = "2001"
}              
  
@Misc{cisco-dos,
  author = "Cisco Systems Inc.",
  title = "Characterizing and Tracing Packet Floods Using {Cisco} Routers",
  note = "\url{http://www.cisco.com/warp/public/707/22.html}",
  year = "2001"
}

@Misc{cisco-DDoSstrategies,
  author = "Cisco Systems Inc.",
  title = "Strategies to Protect Against Distributed Denial of Service ({DDoS}) Attacks",
  note = "\url{http://www.cisco.com/warp/public/707/newsflash.html}",
  year = "Feb. 2000"
}

@Misc{wired2001,
  author = "Michelle Delio",
  title = "New Breed of Attack Zombies Lurk",
  note = "\url{http://www.wired.com/news/technology/0,1282,43697,00.html}",
  year = "May 2001"
}

@Misc{DNS,
  author = "P. Mockapetris",
  title = "Domain Names - Implementation and Specification",
  note = "STD 13, RFC 1035",
  year = "November 1987"
}

@Misc{TFN,
  author = "David Brumley",
  title = "Remote Intrusion Detector",
  note = "\url{http://theorygroup.com/Software/RID/}",
  year = "2001"
}
@Misc{internetArchive,
  author = "Lawrence Berkeley National Laboratory",
  title = "The {Internet} Traffic Archive",
  note = "http://ita.ee.lbl.gov/",
  year = "2001"
}

@Misc{AS-graph,
  author = "National Laboratory for Applied Network Research (NLANR)",
  title = "Raw routing table information",
  note = "\url{http://moat.nlanr.net/Routing/rawdata/}",
  year = "2001"
}

@Misc{scan-graph,
  author = "Self-configurable active network monitoring",
  title = "Internet maps",
  note = "\url{http://www.isi.edu/scan/}",
  year = "2001"
}

@inproceedings(ap00,
  author = "Aaron Brown and David Patterson",
  title = "Towards Availability Benchmarks:
           A Case Study of Software {RAID} Systems",
  booktitle = "Proceedings of the 2000 USENIX Annual Technical Conference",
  address = "San Diego, CA",
  month = "June",
  year = "2000"
)

@PhDThesis(how98,
  author = "John D. Howard",
  title = "An Analysis of Security Incidents on the {Internet}",
  school = "Carnegie Mellon University",
  year = "Aug. 1998"
)

@inproceedings(backscatter,
  author = "David Moore and Geoffrey Voelker and Stefan Savage",
  title = "Inferring {Internet} Denial of Service Activity",
  booktitle = "Proceedings of the 2001 USENIX Security Symposium",
  month = "Aug.",
  year = "2001",
)

@inproceedings(Bayuk01,
  author = "J. Bayuk",
  title = "Measuring Security",
  booktitle = "First workshop on information-security-system rating and ranking",
  month = "May",
  year = "2001",
  note = "\url{http://www.acsac.org/measurement/position-papers/Bayuk.pdf}"
)

@inproceedings(McHugh01,
  author = "John McHugh",
  title = "Quantitative Measures of Assurance: Prophecy, Process, or Pipedream?",
  booktitle = "First workshop on information-security-system rating and ranking",
  month = "May",
  year = "2001",
  note = "\url{http://www.acsac.org/measurement/position-papers/McHugh.pdf}",
)

@inproceedings(shaft,
  author = "S. Dietrich and N. Long and D. Dittrich",
  title = "Anaylzing Distributed Denial of Service Tools: the {Shaft} Case",
  booktitle = "Proceedings of the 14th Systems Administration Conference (LISA)",
  month = "Aug",
  year = "2000",
)

@inproceedings(RaDaR,
  author = "M. Rabinovich and I. Rabinovich and R. Rajaraman and A. Aggarwal",
  title = "A dynamic object replication and migration protocol for an {Internet} hosting service",
  booktitle = "Proceedings of IEEE Int. Conf. on Distributed Computing Systems",
  month = "May",
  year = "1999"
)

@inproceedings(brite,
  author = "A. Medina and I. Matta and J. Byers",
  title = "On the Origin of Power Laws in {Internet} Topologies",
  booktitle = "ACM Computer Communication Review",
  month = "Apr.",
  year = "2000",
)

@inproceedings(overcast,
  author = "J. Jannotti and others",
  title = "Overcast: Reliable Multicasting with an Overlay Network",
  booktitle = "Proceedings of OSDI",
  year = "2000"
)
% booktitle = "Proc. of 4th Symposium on Operating Systems Design \& Implementation",
%  month = "Oct.",

@Unpublished{tapestry,
author="B. Zhao and others",
title="Tapestry: An Infrastructure for Fault-tolerant Wide-area Location and Routing",
note="UCB Tech. Report UCB/CSD-01-1141"
}
%author="Ben Y. Zhao and John Kubiatowicz and Anthony Joseph",

@Unpublished{zipf-tech,
author="C. A. Cunha and A. Bestavros and M. Crovella",
title="Chracteristics of WWW client-based traces",
note="Technical Report TR-95-010, Boston University, Department of Computer Science, April, 1995",
}

@Unpublished(frontier,
author = "Frontier Network Inc.",
title = "Internet Topology",
note = "\url{http://www.frontier.net/about/topology.html}",
year = "2000"
)

@Unpublished(cert,
author = "{CERT Coordination Center}",
title = "Denial of Service Attacks",
note = "\url{http://www.cert.org/tech_tips/denial_of_service.html}",
year = "1999"
)

@Unpublished(cert-advisory,
author = "Computer Emergency Response Team, CERT/CC advisory ca-2000-01",
title = "Denial-of-Service developments",
note = "\url{http://www.cert.org/advisories/CA-2000-01.html}",
year = "2000"
)

@Unpublished(brewer,
  author = "Eric Brewer",
  title = "Lessons from Giant-Scale Services",
  note = "submitted for publication"
)

@Unpublished(schneier00,
  author = "Bruce Schneier",
  title = "Distributed Denial-of-Service Attacks",
  note = "\url{http://www.counterpane.com/crypto-gram-0002.html}",
  year = "2000"
)

@Unpublished(cert-trinoo,
  author = "Symantec AntiVirus Research Center",
  title = "W32.DoS.Trinoo",
  note = "\url{http://www.symantec.com/avcenter/venc/data/w32.dos.trinoo.html}",
  year = "2000"
)

@inproceedings(savage,
  author = "Stefan Savage and David Wetherall and Anna Karlin and Tom Anderson",
  title = "Practical Network Support for {IP} Traceback",
  booktitle = "Proceedings of ACM SIGCOMM",
  month = "August",
  year = "2000"
)

@inproceedings(dawn,
  author = "Dawn Song and Adrian Perrig",
  title = "Advanced and Authenticated Marking Schemes for {IP} Traceback",
  booktitle = "Proceedings of IEEE INFOCOM",
  year = "2001"
)

@inproceedings(cf99,
  author = "Computer Security Institute and Federal Bureau of Investigation",
  title = "1999 {CSI}/{FBI} Computer Crime and Security Survey",
  booktitle = "Computer Security Institute publication",
  month = "March",
  year = "2000"
)

@inproceedings(plaxton,
  author = {Greg Plaxton and Rajmohan Rajaraman and Andr{e'}a W. Richa},
  title = {Accessing Nearby Copies of Replicated Objects in a
           Distributed Environment},
  booktitle = "Proceedings of the 9th Annual SCP Symposium on Parallel
               Algorithms and Architectures",
  month = "June",
  year = "1997"
)

@inproceedings{gligor83,
  author = "V. Gligor",
  title = {A Note on the {DoS} problem},
  booktitle = "Proceedings of the 1983 Symposium on Security and Privacy",
  year = "1983"
}

@article{yu-gligor90,
  author = "C. Yu and V. Gligor",
  title = "Specification and Verification Method for Preventing
           Denial of Service",
  journal = "IEEE Transactions on Software Engineering",
  volume = {16},
  number = {6},
  month = {June},
  year = {1990}
}

@article{tiers,
  author="K. Calvert, M. B. Doar and E. W. Zegura",
  title = "Modeling {Internet} topology",
  journal="IEEE Communication Magazine",
  month={June},
  year={1997}
}

@inproceedings{zipf-ieee,
  author = "V. Almeida and A. Bestavros and M. Crovella and A. de Oliveria",
  title = {Characterizing reference locality in the {WWW}},
  booktitle = {Proceeding of the IEEE Conf. on Parallel and Distributed Information Systems},
  year = "1996"
}

@inproceedings{millen92,
  author = "J. Millen",
  title = {A Resource Allocation Model for {DoS}},
  booktitle = {Proceedings of the 1992 IEEE
               Symposium on Security and Privacy},
  year = "1992"
}

@inproceedings{millen95,
  author = "J. Millen",
  title = {{DoS}: A Perspective},
  booktitle = {Dependable Computing for Critical Applications 4},
  year = "1995"
}

@inproceedings{spatscheck99,
  author = "O. Spatscheck and L. Peterson",
  title = {Defending against {DoS} attacks in {Scout}},
  booktitle = "Proceedings of the 3rd Symposium on Operating System
               Design and Implementation",
  month = "February",
  year = "1999"
}

@inproceedings{schuba97,
  author = "C. Schuba and I. Krsul and M. Kuhn and et. al.",
  title = {Analysis of a {DoS} attack on {TCP}},
  booktitle = {Proceedings of the 1997 IEEE Symposium on
               Security and Privacy},
  month = "May",
  year = "1997"
}

@inproceedings{juels99,
  author = "A. Juels and J. Brainard",
  title = {Client puzzles: A cryptographic countermeasure against
           connection depletion attacks},
  booktitle = {Proceedings of the 1999 Network and Distributed Systems
               Security Symposium},
  month = "March",
  year = "1999"
}

%%Oceanstore clones, P2P, all the following references are from Ben Zhao

@InProceedings{Farsite,
  author =   {William J. Bolosky and John R. Douceur and David Ely and Marvin Theimer},
  title =    {Feasibility of a Serverless Distributed File System Deployed on an Existing Set of Desktop PCs},
  booktitle =    {Proc. of SIGMETRICS},
  pages =    {34-43},
  year =     {2000},
  organization = {ACM}
}

@InProceedings{Freenet,
  author =   {I. Clarke and O. Sandberg and B. Wiley and T.W. Hong},
  title =    {Freenet: A Distributed Anonymous Information Storage and Retrieval System},
  booktitle =    {Designing Privacy Enhancing Technologies: International Workshop on Design Issues in Anonymity and Unobservability},
  year =     {2001},
  editor =   {H. Federrath},
  address =      {New York},
  publisher = {Springer}
}

@Misc{DirectConnect,
  author =   {DirectConnect},
  title =    {\url{http://www.neomodus.com}}
}

@Misc{KaZaa,
  author =   {KaZaa},
  title =    {\url{http://www.kazaa.com}}
}

@Misc{Gnutella,
  author =   {Gnutella},
  title =    {\url{http://www.gnutellanews.com/information/what_is_gnutella.shtml}}
}

@Misc{Gnutella2,
  author =   {Jordan Ritter},
  title =    {Why Gnutella Can't Scale. No, Really.},
  howpublished = {\url{http://www.darkridge.com/~jpr5/doc/gnutella.html}},
  month =    {February},
  year =     {2001}
}

@Misc{Napster,
  author =   {S. Fanning},
  title =    {Napster},
  note =     {\url{http://www.napster.com}}
}

@Unpublished{PAST,
  author =   {Peter Druschel and Antony Rowstron},
  title =    {PAST: Persistent and Anonymous Storage in a Peer-to-Peer Networking Environment},
  note =     {Submission to ACM {HOTOS VIII}},
  year =     {2001}
}

@TechReport{Pirahna,
  author =   {Nicholas Carriero and David Gelernter and David Kaminsky and Jeffery Westbrook},
  title =    {Adaptive Parallelism with Piranha},
  institution =  {Yale University},
  year =     {1993},
  number =   {954},
  month =    {February},
  note =     {\url{http://www.cs.yale.edu/Linda/ap.html}}
}

%%Routing and multicast and network related

@InProceedings{Anycast,
  author =   {Dina Katabi and John Wroclawski},
  title =    {A framework for scalable global {IP-anycast(GIA)}},
  booktitle =    {Proceedings of ACM SIGCOMM},
  pages =    {3-15},
  year =     {2000},
  month =    {August}
}

@InProceedings{BGPConv,
  author =   {C. Labovitz and A. Ahuja and A. Abose and F. Jahanian},
  title =    {An Experimental Study of Delayed {Internet} Routing Convergence},
  booktitle =    {Proc. of ACM SIGCOMM},
  year =     {2000},
  annote =   {Show BGP can converge very slowly after faults.}
}
%  author =      {C. Labovitz and others},
%  author =      {Craig Labovitz and Abha Ahuja and Abhijit Abose and Farnam Jahanian},

@Unpublished{CAN,
  author =   {S. Ratnasamy and others},
  title =    {A Scalable Content-Addressable Network},
  note =     {to appear in Proceeding of ACM SIGCOMM},
  year =     {2001}
}

@InProceedings{RHKS02,
  author =   {S. Ratnasamy and others},
  title =    {Topologically-Aware Overlay Construction and Server Selection},
  booktitle = {Proc. of IEEE INFOCOM},
  year =     {2002}
}
%  author =      {Sylvia Ratnasamy and Paul Francis and Mark Handley and Richard Karp and Scott Schenker},
%  author =      {Sylvia Ratnasamy and Paul Francis and Mark Handley and Richard Karp and Scott Schenker},

@Unpublished{Chord,
  author =   {I. Stoica others},
  title =    {Chord: A scalable peer-to-peer lookup service for {Internet} applications},
  note =     {to appear in Proceedings of ACM SIGCOMM},
  year =     {2001}
}
% author =   {Ion Stoica and Robert Morris and David Karger and M. Frans Kaashoek and Hari Balakrishnan},

@Unpublished{CIDR,
  author =   {Yakov Rekhter and Tony Li},
  title =    {An Architecture for {IP} Address Allocation with {CIDR}},
  note =     {RFC 1518, \url{http://www.isi.edu/in-notes/rfc1518.txt}},
  year =     {1993}
}

@InProceedings{EndSystem,
  author =   {{Yang-hua} Chu and Sanjay G. Rao and Hui Zhang},
  title =    {A case for end system multicast},
  booktitle =    {Proceedings of ACM SIGMETRICS},
  pages =    {1-12},
  year =     {2000},
  month =    {June}
}

@PhdThesis{ExpandingRing,
  author =   {David R. Boggs},
  title =    {Internet Broadcasting},
  school =   {Xerox PARC},
  year =     {1983},
  month =    {October},
  note =     {Available as Technical Report CSL-83-3}
}

@InProceedings{GeoRouting,
  author =   {Julio C. Navas and Tomasz Imielinski},
  title =    {GeoCast Geographic Addressing and Routing},
  booktitle =    {Proceedings of ACM MOBICOM},
  year =     {1997},
  month =    {September},
  organization = {ACM}
}

@manual{IGMP,
  author = {Steve Deering},
  title = {Host Extensions for {IP} Multicasting},
  note = {RFC-1112},
  organization = {IETF},
  year = {1989},
  address = {SRI International, Menlo Park, CA},
  month = {Aug}
}

@InProceedings{INS,
  author =   {William Adjie-Winoto and Elliot Schwartz and Hari
                  Balakrishnan and Jeremy Lilley},
  title =    {The Design and Implementation of an Intentional Naming
                  System},
  booktitle =    {Proceedings of ACM SOSP},
  year =     {1999},
  month =    {December},
  organization = {ACM}
}

@InProceedings{IPBellmanFord,
  author =   {C. Cheng and R. Riley and S. P. R. Kumar and
                  J. J. Garcia-Luna-Aceves},
  title =    {A loop-free extended Bellman-Ford routing protocol without
                  bouncing effect},
  booktitle =    {Symposium proceedings on Communications architectures and
                  protocols},
  pages =    {224-236},
  year =     {1989}
}

@InProceedings{MinStretch,
  author =   {Lenore J. Cowen},
  title =    {Compact Routing with Minimum Stretch},
  booktitle =    {Proceedings of ACM-SIAM SODA},
  year =     {1999},
  month =    {January},
  organization = {ACM}
}

@Article{NS,
  author =   {Lee Breslau and Deborah Estrin and Kevin Fall and Sally Floyd and John Heidemann and Ahmed Helmy and Polly Huang and Steven McCanne and Kannan Varadhan and Ya Xu and Haobo Yu},
  title =    {Advances in network simulation},
  journal =      {IEEE Computer},
  year =     {2000},
  volume =   {33},
  number =   {5},
  pages =    {59-67},
  month =    {May}
}

@InProceedings{Plaxton,
  author =   {C. Greg Plaxton and Rajmohan Rajaraman and Andrea W. Richa},
  title =    {Accessing Nearby Copies of Replicated Objects in a
                  Distributed Environment},
  booktitle =    {Proceedings of ACM SPAA},
  year =     {1997},
  month =    {June},
  organization = {ACM}
}

@Unpublished{PASTRY,
  author =   {Peter Druschel and Anthony Rowstron},
  title =    {Pastry: Scalable, distributed object location and routing for large-scale peer-to-peer systems},
  note =     {Submission to ACM SIGCOMM},
  year =     {2001}
}

@inproceedings{RON,
  author =   {D. G. Andersen and others},
  title =    {Resilient Overlay Networks},
  booktitle = proc-sosp,
  year = 2001
}
%  author =   {D. G. Andersen and H. Balakrishnan and M. F. Kaashoek and R. Morris},

@InProceedings{SPAND,
  author =   {Mark Stemm and Srinivasan Seshan and Randy H. Katz},
  title =    {A Network Measurement Architecture for Adaptive Applications},
  booktitle =    {Proceedings of IEEE INFOCOM},
  year =     {2000},
  address =      {Tel Aviv, Israel},
  month =    {March}
}

@InProceedings{Sting,
  author =   {Stefan Savage},
  title =    {Sting: a {TCP}-based Network Measurement Tool},
  booktitle =    {Proceedings of USITS},
  year =     {1999},
  month =    {October}
}

@InProceedings{Triad,
  author =   {Mark Gritter and David R. Cheriton},
  title =    {An Architecture for Content Routing Support in the Internet},
  booktitle =    {Proceedings of the Usenix Symposium on {Internet}
                  Technologies and Systems},
  year =     {2001},
  month =    {March},
  organization = {Usenix}
}

@Unpublished{Yallcast,
  author =   {Paul Francis},
  title =    {Yallcast: Extending the {Internet} Multicast Architecture},
  note =     {{http://www.yallcast.com/docs/index.html}},
  month =    {September},
  year =     {1999}
}

%%Directory Services

@InProceedings{ADsummary,
  author =   {Microsoft Corporation},
  title =    {Active Directory Technical Summary},
  booktitle =    {Strategic White Paper, Professional Developers Conference},
  year =     {1997},
  address =      {San Diego, CA},
  month =    {September},
}

@InProceedings{ClassAds,
  author =   {Rajesh Raman and Miron Livny and Marvin Solomon},
  title =    {Matchmaking: Distributed Resource Management for High Throughput Computing},
  booktitle =    {Proceedings of the Seventh IEEE International Symposium on High Performance Distributed Computing},
  year =     {1998},
  month =    {July}
}

@InProceedings{DNS,
  author =   {P. V. Mockapetris and K. Dunlap},
  title =    {Development of the Domain Name System},
  booktitle =    {Proceedings of ACM SIGCOMM '88},
  year =     {1988},
  month =    {August},
  organization = {ACM}
}

@Article{Globe,
  author =   {Maarten van Steen and Franz J. Hauck and Philip Homburg and Andrew S. Tanenbaum},
  title =    {Locating Objects in Wide-Area Systems},
  journal =      {IEEE Communications Magazine},
  year =     {1998},
  month =    {January},
  pages =    {104-109}
}

@InProceedings{GRID,
  author =   {Jinyang Li and John Jannotti and Douglas S. J. De Couto
                  and David R. Karger and Robert Morris},
  title =    {A Scalable Location Service for Geographic Ad Hoc Routing},
  booktitle =    {Proceedings of ACM MOBICOM},
  year =     {2000},
  month =    {August},
  publisher = {ACM}
}

@InProceedings{HACFS,
  author =   {Burra Gopal and Udi Manber},
  title =    {Integrating Content-Based Access Mechanisms with
                  Hierarchical File Systems},
  booktitle =    {Proceedings of ACM OSDI},
  pages =    {265-278},
  year =     {1999},
  address =      {New Orleans, Louisiana},
  month =    {February},
  organization = {ACM},
  annote =   {Hierarchy and Content FS, much like an XML indexed FS}
}

@InProceedings{IDMaps,
  author =   {Paul Francis and Sugih Jamin and Vern Paxon and Lixia Zhang and Daniel Gryniewicz and Yixin Jin},
  title =    {An architecture for a global internet host distance estimation service},
  booktitle =    {Proceedings of IEEE INFOCOM},
  year =     {1999},
  month =    {March}
}

@TechReport{LDAP,
  author =   {Timothy A. Howes},
  title =    {{The Lightweight Directory Access Protocol: X.500 Lite}},
  institution =  {Center for Information Technology Integration, U. Mich.},
  year =     {1995},
  number =   {95-8},
  month =    {July},
}

@InProceedings{LocatingReplicates,
  author =   {James D. Guyton and Michael F. Schwartz},
  title =    {Locating nearby copies of replicated {Internet} servers},
  booktitle =    {Proceedings of ACM SIGCOMM},
  pages =    {288-298},
  year =     {1995},
  month =    {August}
}

@TechReport{NDS,
  author =   {Novell},
  title =    "{NDS White Paper}",
  institution =  {Novell},
  year =     {1998},
  month =    {September},
  note =     {\url{http://www.novell.com/whitepapers/nds/whitepaper.html}},
}

@TechReport{NDSforNT,
  author =   {Novell},
  title =    "{NDS for NT Technical White Paper}",
  institution =  {Novell},
  year =     {1998},
  month =    {September},
  note =     {\url{http://www.novell.com/whitepapers/nds4nt/twhitepaper.html}}
}

@InProceedings{SFS,
  author =   {David K. Gifford and Pierre Jouvelot and Mark
                  A. Sheldon and James W. O'Toole, Jr.},
  title =    {Semantic File Systems},
  booktitle =    {Proceedings of SOSP},
  year =     {1991},
  month =    {October},
}

@Unpublished{SLAPD,
  author =   {{LDAP Group, Univ. of Michigan}},
  title =    {{The SLAPD distribution}},
  note =     {Available at \url{http://www.umich.edu/~dirsvcs/ldap}},
  annote =   {SLAPD distribution}
}

@Unpublished{SLPPaper,
  author =   {Charles Perkins},
  title =    "{SLP White Paper}",
  note =     {\url{http://playground.sun.com/srvloc}},
  year =     {1998},
  month =    {June},
}

@Misc{SLPWA,
  author =   {J. Rosenberg and H. Schulzrinne and B. Suter},
  title =    {Wide Area Network Service Location},
  howpublished = {IETF {Internet} Draft},
  year =     {1997},
  month =    {November}
}

@Misc{SLPv2,
  author =   {Erik Guttman and Charles Perkins and John Veizades and
                  Michael Day},
  title =    {{Service Location Protocol, Version 2}},
  howpublished = {IETF {Internet} Draft},
  year =     {1998},
  month =    {November},
  note =     {RFC 2165}
}

%%Databases semantics and systems

@InProceedings{ACID,
  author =   {Jim Gray},
  title =    {The Transaction Concept: Virtues and Limitations},
  booktitle =    {Proceedings of ACM VLDB},
  pages =    {144-154},
  year =     {1981},
  month =    {September},
  annote =   {The canonical definition of ACID}
}

@InProceedings{BaseSOSP,
  author =   {Armando Fox and Steven D. Gribble and Yatin Chawathe
                  and Eric A. Brewer and Paul Gauthier},
  title =    {Cluster-Based Scalable Network Services},
  booktitle =    {Proceedings of SOSP},
  year =     {1997},
  volume =   {16},
  address =      {Saint-Malo, France},
  month =    {October},
  organization = {ACM},
  annote =   {TACC + Hotbot + BASE}
}

@InProceedings{boundedinconst,
  author =   {M. H. Wong and D. Agrawal},
  booktitle =    {Proceedings of ACM SIGMOD},
  title =    {Tolerating Bounded Inconsistency for Increasing Concurrency in Database Systems},
  year =     {1992},
  month =    {June},
  organization = {ACM},
  annote =         {A proposal to maintain serializability while tolerating limited inconsistency. Limited applicability to systems dealing with numbers, and user specifies numerical limits on inconsistency.}
}

@Article{CCinAdvDBApps,
  author =   {Naser S. Barghouti and Gail E. Kaiser},
  title =    {Concurrency Control in Advanced Database Applications},
  journal =      {ACM Computing Surveys},
  year =     {1991},
  volume =   {23},
  number =   {3},
  pages =    {269-317},
  month =    {September},
  annote =         {Motivation for less than full serializable operations. Looks at Advanced Applications like CAD, SDE, network mgmt.}
}

@Article{CCPerformance,
  author =   {Rakesh Agrawal and Michael J. Carey and Miron Livny},
  title =    {Concurrency control performance modeling: alternatives and implications},
  journal =      {ACM Transactions on Database Systems},
  year =     {1987},
  volume =   {12},
  number =   {4},
  pages =    {609-654},
  annote =   {CC paper which compared optimistic vs 2PL vs immed restart}
}

@Unpublished{Excelon,
  author =   {{Object Design Inc.}},
  title =        {An {XML} Data Server for Building Enterprise Web
                  Applications},
  annote =   {\url{http://www.odi.com/ODILIVE/contents/happenings/tech_trends/whitepapers/XMLEnterpriseWebApps.pdf}}
}

@Article{LORE,
  author =   {J. McHugh and S. Abiteboul and R. Goldman and D. Quass and J. Widom},
  title =    {Lore: A Database Management System for Semistructured Data},
  journal =      {SIGMOD Record},
  year =     {1997},
  volume =   {26},
  number =   {3},
  pages =    {54-66},
  month =    {September}
}

@Article{LOREL,
  author =   {S. Abiteboul and D. Quass and J. McHugh and J. Widom and J. Wiener},
  title =    {The {Lorel} Query Language for Semistructured Data},
  journal =      {International Journal on Digital Libraries},
  year =     {1997},
  volume =   {1},
  number =   {1},
  pages =    {68-88},
  month =    {April}
}

@InProceedings{Niagara,
  author =   {ayavel Shanmugasundaram and H. Gang and Kristin Tufte and Chun Zhang and David DeWitt and Jeffrey F. Naughton},
  title =    {Relational Databases for Querying XML Documents: Limitations and Opportunities},
  booktitle =    {Proceedings of the ACM VLDB},
  year =     {1999},
  month =    {September},
  organization = {ACM SIGMOD},
  annote =   {niagara paper that gives support that RDBMS is not good for XML as is}
}

@Article{optimconc,
  author =   {H. T. Kung and J. T. Robinson},
  title =    {On optimistic methods for concurrency control},
  journal =      {ACM Transactions on Database Systems},
  year =     {1981},
  volume =   {6},
  number =   {2},
  pages =    {213-226},
  month =    {June}
}

@Unpublished{Poet,
  author =   {{Poet Software}},
  title =    {{XML - The} Foundation for the Future},
  note =     {\url{http://www.poet.com/xml.html}}
}

@InProceedings{Porcupine,
  author =   {Yasushi Saito and Brian N. Bershand and Henry M. Levy},
  title =    {Manageability, availability and performance in Porcupine: a highly scalable, cluster-based mail service},
  booktitle =    {Proceedings of SOSP},
  pages =    {1-15},
  year =     {1999},
  month =    {December},
  publisher = {ACM},
  annote =   {porcupine, weaker than ACID consistency in replication}
}

@Article{Postgres,
  author =   {Michael Stonebraker and Greg Kemnitz},
  title =    {The {POSTGRES} next generation database management system},
  journal =      {Communications of the ACM},
  year =     {1991},
  volume =   {34},
  number =   {10},
  pages =    {78-92}
}

@Article{SemanticBasedCC,
  author =   {B. Badrinath and K. Ramamritham},
  title =    {Semantics Based Concurrency Control: Beyond Commutativity},
  journal =      {ACM Transactions of Database Systems},
  year =     {1992},
  volume =   {17},
  number =   {1},
  pages =    {163-199},
  month =    {March},
  annote =   {using data semantics to define commutativity}
}

@Article{SemanticCorrectness,
  author =   {D. Agrawal and A. El Abbadi and A. K. Singh},
  title =    {Semantics-Based Correctness Criteria for Databases},
  journal =      {ACM Transactions on Database Systems},
  year =     {1993},
  volume =   {18},
  number =   {3},
  pages =    {460-486},
  month =    {September},
  annote =   {Paper that describes user-specified consistency and integrity constraints.  Idea is to relax semantics to a user-specified level.}
}

@Article{SemanticKnowledge,
  author =   {A. Farrag and M. Ozsu},
  title =    {Using Semantic Knowledge of Transactions to Increase Concurrency},
  journal =      {ACM Transactions on Database Systems},
  year =     {1989},
  volume =   {14},
  number =   {4},
  pages =    {503-525},
  month =    {December},
  annote =   {Using semantic information to allow controlled non-serializable interleavings.  High overhead in examining semantic info.}
}

@InProceedings{Tukwila,
  author =   {Zachary G. Ives and Daniela Florescu and marc Friedman and Alon Levy and Daniel S. Weld},
  title =    {An Adaptive Query Execution System for Data Integration},
  booktitle =    {Proceedings of ACM SIGMOD Conference on Management of Data},
  year =     {1999},
  month =    {June},
  annote =   {ACM SIGMOD, XSCAN}
}

%%Eventual Consistency

@InProceedings{Bayou,
  author =       {D.B. Terry and M.M. Theimer and Karin Petersen and
                  A.J. Demers and M.J. Spreitzer and C.H. Hauser},
  title =        {Managing update conflicts in Bayou, a weakly
                  connected replicated storage system},
  booktitle =    {Proceedings of SOSP},
  year =      {1995},
  month =     {December},
  pages =     {172-192}
}

@InProceedings{Bayou2,
  author =   {Karin Petersen and Mike J. Spreitzer and Douglas B. Terry
                  and Marvin M. Theimer and Alan J. Demers},
  title =    {Flexible Update Propagation for Weakly
                  Consistent Replication},
  booktitle =    {Proceedings of SOSP},
  pages =    {288-301},
  year =     {1997},
  address =      {Saint Malo, France},
  month =    {October},
  organization = {ACM},
  annote =   {Second of the two Bayou SOSP papers.}
}

%%Security

@InProceedings{Blowfish,
  author =   {Bruce Schneier},
  title =    {Description of a New Variable-Length Key, 64-Bit Block Cipher {(Blowfish)}},
  booktitle =    {Fast Software Encryption, Cambridge Security Workshop Proceedings},
  pages =    {191-204},
  year =     {1993},
  month =    {December},
  publisher = {Springer-Verlag}
}

@Unpublished{Cryptix,
  author =   {Cryptix Development Team},
  title =    {Cryptix Mirror 3.0.3},
  note =     {\url{http://www.bssl.co.uk/mirrors/cryptix/}},
  key =      {Cryptix}
}

@Misc{DES,
  key =      {DES},
  title =    {{Data Encryption Algorithm}, Modes of Operation},
  howpublished = {ANSI Standard},
  year =     {1983},
  note =     {ANSI X3.106-1983 (R1996) }
}

@InProceedings{IP-Trace-Savage,
  author =   {Stefan Savage and David Wetherall and Anna Karlin and
                  Tom Anderson},
  title =    {Practical Network Support for {IP} Traceback},
  booktitle =    {Proceedings of ACM SIGCOMM},
  year =     {2000},
  month =    {August},
  organization = {ACM}
}

@TechReport{SHA-1,
  author =   {Matthew J. B. Robshaw},
  title =    {{MD2, MD4, MD5, SHA} and Other Hash Functions},
  institution =  {RSA Laboratories},
  year =     {1995},
  number =   {TR-101},
  note =     {version 4.0}
}

@InProceedings{ThresholdSig,
  author =   {T. Rabin},
  title =    {A Simplified Approach to Threshold and Proactive {RSA}},
  booktitle =    {Proceedings of Crypto},
  year =     {1998}
}

%%Java and XML

@Misc{JIT,
  key =      {JIT},
  author =   {Sun Microsystems},
  title =    "The {JIT} compiler interface specification",
  note =     {\url{http://java.sun.com/docs/jit_interface.html}}
}

@Misc{JNI,
  key =      {JNI},
  author =   {Sun Microsystems},
  title =    {{Java Native Interface}},
  note =     {\url{http://java.sun.com/products/jdk/1.2/docs/guide/jni/index.html}}
}

@Unpublished{Java,
  author =   {James Gosling and Henry McGilton},
  title =    "The {Java} Language Environment, A White Paper",
  month =    {May},
  year =     {1996},
  note =     {\url{http://java.sun.com/docs/white/langenv/}}
}

@Misc{JavaSpaces,
  key =      {JavaSpaces},
  title =    {JavaSpaces: Java Distributed Computing},
  note =     {\url{http://java.sun.com/products/javaspaces/index.html}},
  annote =   {JavaSpaces website}
}

@Misc{JavaRMI,
  key =      {JavaRMI},
  author =   {Sun Microsystems},
  title =    {Java Remote Method Invocatio - Distributed Computing for Java},
  howpublished = {white paper},
  note =     {\url{http://java.sun.com/marketing/collateral/javarmi.html}}
}

@Misc{SGML,
  author =   {Harvey Bingham},
  title =    {{SGML} Syntax Summary},
  year =     {1996},
  note =     {\url{http://www.oasis-open.org/cover/sgmlsyn/contents.htm}}
}

@Misc{XML,
  author =   {Tim Bray and Jean Paoli and C. M. Sperberg-McQueen},
  title =    "{Extensible Markup Language (XML)}",
  howpublished = {W3C Proposed Recommendation},
  month =    {December},
  year =     {1997},
  note =     {\url{http://www.w3.org/TR/PR-xml-971208}}
}


@Misc{XML-QL,
  key =      {XML-QL},
  author =   {Alin Deutsch and Mary Fernandez and Daniela Florescu
                  and Alon Levy and Dan Suciu},
  title =    {{XML-QL: A Query Language for XML}},
  month =    {August},
  year =     {1998},
  note =     {\url{http://www.w3.org/TR/1998/NOTE-xml-ql-19980819/}}
}

@Misc{XMLapps,
  key =          {XMLapps},
  title =    {{XML}: Proposed Applications and Industry Initiatives},
  note =     {\url{http://www.oasis-open.org/cover/xml.html#applications}}
}

@Misc{XMLLink,
  author =   {Eve Maler and Steve DeRose},
  title =    {{XML Linking Language (XLink)}},
  month =    {March},
  year =     {1998},
  note =     {\url{http://www.w3.org/TR/1998/WD-xlink-19980303}},
  annote =   {XML Linking working draft at W3C}
}

@Misc{XMLNamespaces,
  author =   {Tim Bray and Dave Hollander and Andrew Layman},
  title =    {Namespaces in {XML}},
  howpublished = {W3C Recommendation},
  month =    {January},
  year =     {1999},
  note =     {\url{http://www.w3.org/TR/REC-xml-names/}},
  annote =   {namespaces recommendation at W3C}
}

@Misc{XMLSpace,
  key =      {XMLSpace},
  author =   {David Moffat},
  title =    {{XML-Tuples and XML-Spaces}},
  note =     {\url{http://uncled.oit.unc.edu/XML/XMLSpaces.html}},
  annote =   {Dava Moffat's random stuff at UNC, not a real paper}
}

@InProceedings{XQL,
  author =   {Jonathan Robie and Joe Lapp and David Schach},
  title =    {{XML Query Language (XQL)}},
  booktitle =    {QL '98 - The Query Languages Workshop},
  year =     {1998},
  month =    {December},
  organization = {W3C},
  note =     {\url{http://www.w3.org/TandS/QL/QL98/pp/xql.html}},
  annote =   {XQL note at W3C}
}

%%My (coauthored) papers

@InProceedings{bayeux,
  author =   {S. Zhuang and others},
  title =    {Bayeux: An Architecture for Scalable and Fault-tolerant Wide-area Data Dissemination},
  booktitle =    {Proceedings of the 11th NOSDAV},
  year =     {2001}
}
%  booktitle =   {Proceedings of the 11th International Workshop on Network and Operating System Support for Digital Audio and Video},
%  month =   {June},
%  organization = {ACM},
%  annote =      {Bayeux at ACM NOSSDAV}

@Article{ICEBERG,
  author =   {Helen J. Wang and Bhaskaran Raman and Chen N. Chuah and
                  Rahul Biswas and Ramakrishna Gummadi and Barbara Hohlt and
                  Xia Hong and Emre Kiciman and Zhuoqing Mao and Jimmy S. Shih
                  and Lakmi Subramanian and Ben Y. Zhao and Anthony D. Joseph
                  and Randy H. Katz},
  title =    {ICEBERG: An Internet-core Network Architecture for
                  Integrated Communications},
  journal =      {IEEE Personal Communications},
  year =     {2000},
  note =         {Special Issue on IP-based Mobile Telecommunication Networks},
  annote =   {The Iceberg architecture paper}
}

@Article{Ninja,
  author =   {Steven D. Gribble and Matt Welsh and Rob von Behren and Eric
                  A. Brewer and David Culler and N. Borisov and S. Czerwinski
                  and R. Gummadi and J. Hill and A. Joseph and R. H. Katz and
                  Z. M. Mao and S. Ross and B. Zhao},
  title =    {The Ninja Architecture for Robust Internet-Scale Systems
                  and Services},
  journal =      {IEEE Computer Networks},
  year =     {2000},
  note =     {Special Issue on Pervasive Computing}
}

@InProceedings{Oceanstore,
  author =   {J. Kubiatowicz and D. Bindel and Y. Chen and P.
                  Eaton and D. Geels and R. Gummadi and S. Rhea
                  and H. Weatherspoon and W. Weimer and C.  Wells and B. Zhao},
  title =    {{OceanStore}: An Architecture for Global-scale Persistent
                  Storage},
  booktitle =    {Proceedings of ACM ASPLOS},
  year =     {2000}
}

@Unpublished{OceanStoreMgt,
  author =   {Sean Rhea and Chris Wells and Patrick Eaton and Dennis Geels and Ben Zhao and Hakim Weatherspoon and John Kubiatowicz},
  title =    {Maintenance-Free Global Storage in {OceanStore}},
  note =     {Submission to IEEE {Internet} Computing},
  year =     {2001}
}

@InProceedings{BerkeleySDS,
  author =   {Steven E. Czerwinski and Ben Y. Zhao and Todd D. Hodes and
                  Anthony D. Joseph and Randy H. Katz},
  title =    {An Architecture for a Secure Service Discovery Service},
  booktitle =    {Proceedings of ACM MOBICOM},
  month =    {August},
  year =     {1999},
}

@Unpublished{Silverback,
  author =   {Hakim Weatherspoon and Chris Wells and Patrick R. Eaton and Ben Y. Zhao and John D. Kubiatowicz},
  title =    {Silverback: A Global-scale Archival System},
  note =     {Submitted for publication to ACM SOSP},
  year =     {2001}
}

%%General Citations

@Unpublished{coupon,
  author =   {John Canny},
  title =    {{UCB CS174 Fall 1999}, Lecture Note 8},
  note =     {\url{http://www.cs.berkeley.edu/~jfc/cs174lecs/lec7/lec7.html}},
  year =     {1999}
}

@InProceedings{AS1,
  author =       {Elan Amir and Steve McCanne and Randy Katz},
  title =        {An Active Services Framework and its Application to
                  Real-Time Multimedia Transcoding},
  booktitle =    {Proceedings of ACM SIGCOMM},
  year =         {1998},
  address =      {Vancouver, BC}
}

@Book{C,
  author =   {Brian W. Kernighan and Dennis M. Ritchie},
  title =    {The {C} Programming Language},
  publisher =    {Bell Telephone Laboratories},
  year =     {1988},
  edition =      {Second}
}

@Misc{DOM,
  key =          {DOM},
  author =   {{W3C DOM Working Group}},
  title =    {{Document Object Model}},
  month =    {December},
  year =     {1998},
  note =     {\url{http://www.w3c.org/DOM/}}
}

@InProceedings{FastTreap,
  author =   {Guy E. Blelloch and Margaret Reid-Miller},
  title =    {Fast Set Operations Using Treaps},
  booktitle =    {Proceedings of ACM SPAA},
  year =     {1998},
  address =      {Puerto Vallarta, Mexico},
  month =    {June - July},
  organization = {ACM}
}

@InProceedings{GT-ITM,
  author =   {E. Zegura and K. Calvert and S. Bhattacharjee},
  title =    {How to model an Internetwork},
  booktitle =    {Proceedings of IEEE INFOCOM},
  year =     {1996}
}

@Article{LFS,
  author =   {Mendel Rosenblum and John K. Ousterhout},
  title =    {The Design and Implementation of a Log-Structured File System},
  journal =      {ACM Transactions on Computer Systems},
  year =     {1992},
  month =    {February},
  annote =   {Also in 13th SOSP}
}

@InProceedings{Linda,
  author =   {David Gelernter},
  title =    {Generative Communication in {Linda}},
  booktitle =    {Transactions on Programming Languages and Systems},
  pages =    {80-112},
  year =     {1985},
  volume =   {7},
  month =    {January},
  organization = {ACM},
  annote =       {Just picked a paper from the yale linda group pub. list}
}

@Article{Metricom,
  author =       {S. Cheshire and M. Baker},
  title =        {A wireless network in MosquitoNet},
  journal =      {IEEE Micro},
  year =         {1996},
  volume =    {16},
  number =    {1},
  month =     {February},
  pages =     {44-52}
}

@Misc{MobileIP,
  author = "Charles Perkins",
  title = "{IP Mobility Support}",
  howpublished = {IETF},
  year =         {1996},
  month =        {October},
  note =         {RFC 2002}
}

@Article{NOW,
  author =   {Thomas E. Anderson and David E. Culler and David A. Patterson},
  title =    {A Case for {NOW} (Network of Workstations)},
  journal =      {IEEE Micro},
  year =     {1995},
  volume =   {15},
  number =   {1},
  pages =    {54-64},
  month =    {February}
}

@Article{Parc,
  author =       {R. Want and B.N. Schilit and N.I. Adams and R. Gold
                  and K. Petersen and D. Goldberg and J.R. Ellis and
                  M. Weiser},
  title =        {An overview of the PARCTAB ubiquitous computing experiment},
  journal =      {IEEE Personal Communications},
  year =         {1995},
  volume =    {2},
  number =    {6},
  month =     {December},
  pages =     {28-43}
}

@Misc{SAP-RFC,
  author =   {Maryann P. Maher and Colin Perkins},
  title =    {{Session Announcement Protocol: Version 2}},
  howpublished = {IETF {Internet} Draft},
  month =    {November},
  year =     {1998},
  note =     {draft-ietf-mmusic-sap-v2-00.txt}
}

@Misc{SETIatHome,
  author =   {{Space Sciences Laboratory, University of California at Berkeley}},
  title =    {Search for Extraterrestrial Intelligence at Home},
  note =     {\url{http://setiathome.ssl.berkeley.edu}}
}

@Book{SGB,
  author =   {Donald E. Knuth},
  title =    {The Stanford GraphBase: A Platform for
                  Combinatorial Computing},
  publisher =    {ACM Press and Addison-Wesley},
  year =     {1993},
  address =      {New York},
  note =     {\url{http://www-cs-faculty.stanford.edu/~knuth/sgb.html}},
}

@InProceedings{SoftState,
  author =       {D. D. Clark},
  title =        {The design philosophy of the DARPA {Internet} protocols},
  booktitle =    {Proceedings of ACM SIGCOMM},
  year =      {1988},
  organization = {ACM},
  address =   {Stanford, CA},
  month =     {August},
  pages =     {106-114}
}


@InProceedings{CKR,
  author = {E. Cohen and B. Krishnamurthy and J. Rexford},
  title = {Improving end-to-end performance of the web using server volumes and proxy filters},
  booktitle = {Proceedings of ACM SIGCOMM},
  year = {1998},
  month = {Sep}
}

@InProceedings{VYKSD,
  author = {A. Venkataramani and P. Yalagandula and R. Kokku and S. Sharif and M. Dahlin},
  title = {The potential costs and benefits of long term prefetching for content distribution},
  booktitle = {Proc. of Web Content Caching and Distribution Workshop 2001}
}

@Article{Treap,
  author =   {R. Seidel and C. R. Aragon},
  title =    {Randomized Search Trees},
  journal =      {Algorithmica},
  year =     {1996},
  volume =   {16},
  pages =    {464-497}
}

@Unpublished{TTreap,
  author =   {Josh MacDonald and Ben Y. Zhao},
  title =    {T-treap and Cache Performance of Indexing Data Structures},
  note =     {\url{http://www.cs.berkeley.edu/~ravenben/research/CS252/252Paper.pdf}},
  month =    {December},
  year =     {1999},
  annote =   {252 Course project paper}
}

@Article{TSpaces,
  author =   {P. Wyckoff and S. W. McLaughry and T. J. Lehman
          and D. A. Ford},
  title =    {T Spaces},
  journal =      {IBM Systems Journal},
  year =     {1998},
  volume =   {37},
  number =   {3},
  month =    {April},
  annote =   {TSpaces first paper in IBM journal}
}

@InProceedings{UnivInbox,
  author =   {Bhaskaran Raman and Randy H. Katz and Anthony D. Joseph},
  title =    {Universal Inbox: Providing Extensible Personal Mobility and Service Mobility in an Integrated Communication Network},
  booktitle =    {Proceedings of Workshop for Mobile Computing Systems and Applications},
  year =     {2000},
  month =    {December},
  annote =   {Bhaskar's masters project}
}

@Misc{W3C,
  key =      {W3C},
  title =    {World Wide Web Consortium},
  note =     {\url{http://www.w3c.org}}
}

@Misc{McManus,
  author = {P. McManus},
  title = {A Passive System for Server Selection within Mirrored Resource Environment Using AS Path Length Heuristics},
  note = "http://proximate.appliedtheory.com/proximate\_study.html"
}

@InProceedings{Wavelan,
  author =       {N. Reynolds and D. Duchamp},
  title =        {Measured Performance of a Wireless {LAN}},
  booktitle =    {17th Conference on Local Computer Networks},
  year =      {1992},
  organization = {IEEE},
  address =   {Minneapolis},
  month =     {September},
  pages =     {494-499}
}


% --- dbindel - linear algebra references ---

@Book{Stewart98,
  author =       {G. W. Stewart},
  title =        {Matrix Algorithms: Basic Decompositions},
  publisher =    {Society for Industrial and Applied Mathematics},
  year =         {1998}
}

@Book{GV89,
  author =       {G.H. Golub and C.F. Van Loan},
  title =        {Matrix Computations},
  publisher =    {The Johns Hopkins University Press},
  year =         {1989}
}

@Book{Demmel97,
  author =       {J.W. Demmel},
  title =        {Applied Numerical Linear Algebra},
  publisher =    {SIAM},
  year =         {1997},
}

@Article{DHV93,
  author =       {J.W. Demmel and M. Heath and H.A. {van der Vorst}},
  title =        {Parallel numerical linear algebra},
  journal =      {Acta Numerica},
  year =         {1993},
  volume =       {2},
  pages =        {111--198},
  annote =       {Review of all of parallel numerical linear algebra in
                  less than a hundred pages.  Data distribution and tradeoffs.
                  Linear systems, least squares, eigenproblems and SVDs.
                  Direct and iterative methods.}
}

@Article{WSH99,
  author = {R. Wolski and N. Spring and J. Hayes},
  title  = {The Network Weather Service: A Distributed Resource
            Performance Forecasting Service for Metacomputing},
  journal = {Journal of Future Generation Computing Systems},
  volume = {15},
  number = {5--6},
  pages  = {757-768},
  year   = {1999},
}

%  note   = {Available at \texttt{http://www.cs.ucsb.edu/\~rich/publications/nws-arch.ps.gz}}

@BOOK{ABBBetc99,
      AUTHOR = {Anderson, E. and others},
      TITLE = {{LAPACK} Users' Guide},
      EDITION = {Third},
      PUBLISHER = {Society for Industrial and Applied Mathematics},
      YEAR = {1999},
      ADDRESS = {Philadelphia, PA},
      ISBN = {0-89871-447-8 (paperback)}
}
%  AUTHOR = {Anderson, E. and Bai, Z. and Bischof, C. and Blackford, S. and Demmel, J. and Dongarra, J. and Du Croz, J. and Greenbaum, A. and Hammarling, S. and McKenney, A. and Sorensen, D.},



@TechReport{ meyer95steps,
  author = "C. Meyer and D. Pierce",
  title  = "Steps toward an iterative rank-revealing method",
  institution = "Boeing Information and Support Services",
  number = "ISSTECH-95-013",
  year   = "1995"
}

@techreport{pierce95sparse,
    author = "D. J. Pierce and J. G. Lewis",
    title = "Sparse Multifrontal Rank Revealing {QR} Factorization",
    number = "MEA-TR-193-Revised",
    address = "Seattle, WA",
    year = "1995",
}

@Book{Lax97,
  author =       {P.D. Lax},
  title =        {Linear Algebra},
  publisher =    {Wiley Interscience},
  year =         {1997},
}

@Article{pierce97,
  title = {Sparse Multifrontal Rank Revealing {QR} Factorization},
  author = "D. Pierce and J. Lewis",
  journal = simax,
  month = "January",
  year = "1997",
  volume = "18",
  number = "1"
}


@Article{DGKS76,
  author =       {J. Daniel and W.B. Gragg and L. Kaufman and G.W. Stewart},
  title =        {Reorthogonalization and stable algorithms for updating the
                  {Gram-Schmidt} {QR} factorization},
  journal =      {Mathematics of Computation},
  year =         {1976},
  volume =    {30},
  pages =     {772--795},
}

(compressed postscript file),


@Article{pothen95,
  author = { R.A.Brualdi and A. Pothen and S. Friedland},
  title  = {The sparse basis problem and multilinear algebra},
  journal = simax,
  volume  = {16},
  pages   = {1--20},
  year    = {1995}
}

@BOOK{linear-templates,
    AUTHOR = {R. Barrett and others},
    TITLE = {Templates for the Solution of Linear Systems: Building Blocks for Iterative Methods, 2nd Edition},
    PUBLISHER = {SIAM},
    YEAR = {1994},
    ADDRESS = {Philadelphia, PA} }
% AUTHOR = {R. Barrett and M. Berry and T. F. Chan and J. Demmel and J. Donato and J. Dongarra and V. Eijkhout and R. Pozo and C. Romine and H. Van der Vorst },


@InProceedings{hoffman84,
  author = { A.J. Hoffman and S.T. McCormick},
  title  = {A fast algorithm for making matrices optimally sparse},
  booktitle =    {Progress in Combinatorial Optimization, WR Pulleyblank, ed.},
  year =      {1984},
  organization = {Academic Press},
  address =   {New York},
  pages =     {185--196}
}

@PhDThesis{mccormic83,
  author = "S.T. McCormick",
  title = "A combinatorial approach to some sparse matrix problems",
  school = "Stanford University",
  year = "1983"
}

@InProceedings{spring03quantifying,
  author = "N. Spring and R. Mahajan and T. Anderson",
  title = "Quantifying the causes of path inflation",
  booktitle = {Proceedings of ACM SIGCOMM},
  organization = {ACM},
  year = {2003}
}
