% -----------------  Bibigraphy for the Transparent Internet ----------------------
@MISC{ find,
    author = "NSF",
    title = "{NeTS} {FIND} Initiative",
    note = "\url{http://nsf-find.cs.umn.edu/infomeeting.php}",
}

@misc{kplane,
  author = "K. Sollins and J. Wroclawski",
  title = "Model-based diagnosis in the Knowledge Plane",
  note = "{NSF NeTS-FIND proposal, funded in 2006}",
}

@misc{first-response,
  author =	 {Haiyun Luo and Robin Kravets and Tarek Abdelzaher},
  title =	 {The-Day-After Networks: A First-Response
                  Edge-Network Architecture for Disaster Relief},
  note =	 "{NSF NeTS-FIND proposal, funded in 2006}",
}

@misc{cabo,
  author =	 {Nick Feamster and Lixin Gao and Jennifer Rexford},
  title =	 {{CABO}: Concurrent Architectures are Better Than One },
  note =	 "{NSF NeTS-FIND proposal, funded in 2006}",
}

@misc{diversified-internet,
  author =	 {Jonathan Turner and Patrick Crowley and Sergey
                  Gorinsky and John Lockwood},
  title =	 {An Architecture for a Diversified Internet},
  note =	 "{NSF NeTS-FIND proposal, funded in 2006}",
}

@misc{user-routing,
  author =	 {Xiaowei Yang},
  title =	 {An Internet Architecture for User-Controlled Routes},
  note =	 "{NSF NeTS-FIND proposal, funded in 2006}",
}

@misc{market,
  author =	 {Jean Walrand, Venkat Anantharam, John Musacchio and Shyam Parekh},
  title =	 {Market-Enabling Network Architecture},
  note =	 "{NSF NeTS-FIND proposal, funded in 2006}",
}

@Misc{reuters,
  author = {{ZDNet News}},
  title =	 {{ISPs} see costs of file sharing rise},
  howpublished = {\url{http://news.zdnet.com/2100-9584_22-1009456.html}},
  year =	 2003,
  month =  May
}

@Misc{lightreading,
  author = {Lightreading.com},
  title =	 {{P2P} Plagues Service Providers},
  howpublished = {\url{http://www.lightreading.com/document.asp?doc_id=31767}},
  year =	 2003,
  month =  Apr,
}

@Misc{cachelogic04,
  author = {A. Parker},
  title =	 {The True Picture of Peer-to-Peer Filesharing},
  howpublished = {\url{http://www.cachelogic.com}},
  month = Jul,
  year =	 2004
}

@unpublished(LSSJ06,
  author = "K. Lakshminarayana and I. Stoica and S. Shenker and J. Rexford",
  title = "Routing as a Service",
  note = "UC Berkeley Technical Report, UCB/EECS-2006-19",
  year = "Feb. 2006"
)

%%author = "{M. Charalambides and others}",
@inproceedings{qosconf,
author = "{M. Charalambides and P. Flegkas and G. Pavlou and Arosha K Bandara and Emil C Lupu and Alessandra Russo and Naranker Dulay and Morris Sloman and Javier Rubio-Loyola}",
  title = "{Policy Conflict Analysis for Quality of Service Management}",
  booktitle = "Proceedings 6th IEEE Workshop on Policies for Distributed Systems and Networks (Policy)",
  year = "June 2005"
}

%author = "L. Subramanian and M. Caesar and C. T. Ee and M. Handley and M. Mao and S. Shenker and I. Stoica",
@inproceedings{HLP05,
  author = "L. Subramanian and et. al.",
  title = "{HLP}: A Next Generation Interdomain Routing Protocol",
  booktitle = "Proceedings of the ACM SIGCOMM",
  year = "2005"
}

@inproceedings{MIRO06,
  author = "W. Xu and J. Rexford",
  title = "MIRO: Multi-path Interdomain ROuting",
  booktitle = "Proceedings of the ACM SIGCOMM",
  year = "Sep. 2006"
}


%author = "D. O. Awduche and A. Chiu and A. Elwalid and I. Widjaja and X. Xiao",
@unpublished(ACEWX02,
  author = "D. O. Awduche and et. al.",
  title = "Overview and principles of Internet traffic engineering",
  note = "Request for Comments 3272",
  year = "May 2002"
)

@InProceedings{KZ89,
    author = "A. Khanna and J. Zinky",
    title = "The Revised {ARPANET} Routing Metric",
    booktitle = "ACM SIGCOMM",
    year = "1989",
}


@InProceedings{wang06,
  author =   {H. Wang and et. al.},
  title =    {{COPE}: Traffic Engineering in Dynamic Networks},
  booktitle =    {Proceedings of {ACM} {SIGCOMM}},
  year =     2006
} 
  
%
%---------------------------------Ehab's Bib-------------------------
@CONFERENCE{npsec2005,
    AUTHOR = {Adel El-Atawy and Khaled Ibrahim and Hazem Hamed and Ehab Al-Shaer},
    TITLE = {Policy Segmentation for Intelligent Firewall Testing},
    BOOKTITLE = {1st Workshop on Secure Network Protocols (NPSec 2005)},
    YEAR = {2005},
    MONTH = {November}
}

@inproceedings{qop06,
 author = {Muhammad Abedin and Syeda Nessa and Ehab Al-Shaer and Latifur Khan},
 title = {Vulnerability analysis For evaluating quality of protection of security policies},
 booktitle = {QoP '06: Proceedings of the 2nd ACM workshop on Quality of protection},
 year = {2006},
 isbn = {1-59593-553-3},
 pages = {49--52},
 location = {Alexandria, Virginia, USA},
 doi = {http://doi.acm.org/10.1145/1179494.1179505},
 publisher = {ACM Press},
 address = {New York, NY, USA},
 }

@INPROCEEDINGS{securecomm06,
    AUTHOR = {Moahmed Taibah and Ehab Al-Shaer and Raouf Boutaba},
    TITLE = {An Architecture for an Email Worm Prevention System},
    BOOKTITLE = {The Second IEEE/Create-Net International Conference on Security and Privacy in Communication Networks (SecureComm 2006)},
    YEAR = {2006},
    ADDRESS = {Baltimore, MD},
    MONTH = {August}
}

@ARTICLE{TNSM05-lopa,
    AUTHOR = {Lopamudra Roychoudhuri and Ehab Al-Shaer},
    TITLE = {Real-Time Packet Loss Prediction based on End-to-end Delay Variation},
    JOURNAL = {IEEE Transactions on Network and System Management (TNSM)},
    VOLUME = {2},
    NUMBER = {1},
    YEAR = {2005},
    MONTH = {November}
}

@ARTICLE{JSAC06,
    AUTHOR = {Hazem Hamed and Adel El-Atawy and Ehab Al-Shaer},
    TITLE = {On Dynamic Optimization of Packet Matching in High Speed Firewalls},
    JOURNAL = {IEEE Journal on Selected Areas in Communications},
    VOLUME = {24},
    NUMBER = {10},
    YEAR = {2006},
    MONTH = {October}
}
@ARTICLE{JHSN06,
    AUTHOR = {Hazem Hamed and Ehab Al-Shaer},
    TITLE = {On Autonomic Optimization of Firewall Policy Configuration},
    JOURNAL = {Journal of High Speed Networks, Special issue on Security Policy Management},
    YEAR = {2006},
    VOLUME = {15},
    NUMBER = {3},
    PAGES = {209--227}
}

@ARTICLE{COMMAG06,
    AUTHOR = {Ehab Al-Shaer and Hazem Hamed},
    TITLE = {Taxonomy of Conflicts in Network Security Policies},
    JOURNAL = {IEEE Communications Magazine},
    VOLUME = {44},
    NUMBER = {3},
    YEAR = {2006},
    MONTH = {March}
}
@INPROCEEDINGS{infocom07-adel,
    AUTHOR = {Adel El-Atawy and Taghrid Samak and Ehab Al-Shaer and Hong Li},
    TITLE = {On Using Online Traffic Statistical Matching for Optimizing Packet Filtering Performance},
    BOOKTITLE = {IEEE INFOCOM'2007},
    YEAR = {2007},
    MONTH = {May}
}
@INPROCEEDINGS{infocom07-yan,
    AUTHOR = {Yonghe Yan and Adel El-Atawy and Ehab Al-Shaer},
    TITLE = {Ranking-based Optimal Resource Allocation in Peer-to-Peer Networks},
    BOOKTITLE = {IEEE INFOCOM'2007},
    YEAR = {2007},
    MONTH = {May}
}
@INPROCEEDINGS{npsec2006,
    AUTHOR = {Taghrid Samak and Adel El-Atawy and Ehab Al-Shaer and Hong Li},
    TITLE = {Firewall Policy Reconstruction by Active Probing An Attacker's View},
    BOOKTITLE = {The 2nd Workshop on Secure Network Protocols (NPSec 2006)},
    YEAR = {2006},
    MONTH = {November}
}
@ARTICLE{JCOMCOM05,
    AUTHOR = {Lopamudra Roychoudhuri and Ehab Al-Shaer and Gregory B Brewster},
    TITLE = {On the Impact of Loss and Delay Variation on Internet Packet Audio Transmission},
    JOURNAL = {Journal of Computer Communications},
    YEAR = {2005},
    VOLUME = {28}
}
@ARTICLE{JSAC05,
    AUTHOR = {Ehab Al-Shaer and Hazem Hamed and Raouf Boutaba and Masum Hasan},
    TITLE = {Conflict Classification and Analysis of Distributed Firewall Policies},
    JOURNAL = {IEEE Journal on Selected Areas in Communications (JSAC)},
    YEAR = {2005},

    VOLUME = {23},
    NUMBER = {10},
    MONTH = {October},
    NOTE = {Nominated for Best JSAC Paper Award for year 2005}
}
@ARTICLE{TNSM04-hazem,
    AUTHOR = {Ehab Al-Shaer and Hazem Hamed },
    TITLE = {Modeling and Management of Firewall Policies},
    JOURNAL = {IEEE Transactions on Network and System Management},
    YEAR = {2004},

    VOLUME = {1},
    NUMBER = {1},
    MONTH = {April}
}
@inproceedings{asiaccs06,
 author = {Hazem Hamed and Ehab Al-Shaer},
 title = {Dynamic rule-ordering optimization for high-speed firewall filtering},
 booktitle = {ASIACCS '06: Proceedings of the 2006 ACM Symposium on Information, computer and communications security},
 year = {2006},
 isbn = {1-59593-272-0},
 pages = {332--342},
 location = {Taipei, Taiwan},
 }

@INPROCEEDINGS{infocom2005,
    AUTHOR = {Lopamudra Roychoudhuri and Ehab Al-Shaer},
    TITLE = {On Loss Prediction for Real-time Packet Audio},
    BOOKTITLE = {Infocom 2005},
    YEAR = {2005},
    MONTH = {March},
    NOTE = {Poster Paper}
}
@INPROCEEDINGS{infocom04,
    AUTHOR = {Ehab Al-Shaer and Hazem Hamed},
    TITLE = {Discovery of Policy Anomalies in Distributed Firewalls},
    BOOKTITLE = {Proceedings of IEEE INFOCOM'04},
    YEAR = {2004},
    MONTH = {March}
}
@INPROCEEDINGS{mmns04,
    AUTHOR = {Lopamudra Roychoudhuri and Ehab Al-Shaer},
    TITLE = {Real Time Analysis of Delay Variation for Packet Loss Prediction},
    BOOKTITLE = {MMNS 2004},
    YEAR = {2004},
    MONTH = {October (Best Paper Award)}
}

@INPROCEEDINGS{icnp05,
    AUTHOR = {{Hazem Hamed, Ehab Al-Shaer and Will Marrero}},
    TITLE = {Modeling and Verification of {IPSec} and {VPN} Security Policies},
    BOOKTITLE = {IEEE International Conference of Network Protocols (ICNP'2005)},
    YEAR = {2005},
    MONTH = {Nov.}
}
@INPROCEEDINGS{im03,
    AUTHOR = {Ehab Al-Shaer and Hazem Hamed},
    TITLE = {Firewall Policy Advisor for Anomaly Detection and Rule Editing},
    BOOKTITLE = {IEEE/IFIP Integrated Management (IM'2003)},
    YEAR = {2003},
    MONTH = {March},
    NOTE = {Best Paper Award}
}
@INPROCEEDINGS{NOMS06,
    AUTHOR = {K. Golnabi and R. Min and L. Khan and  E. Al-Shaer},
    TITLE = {Analysis of Firewall Policy Rule Using Data Mining Techniques},
    BOOKTITLE = {Proc of  2006 IEEE/IFIP Network Operations \& Management Symposium, (NOMS 2006)},
    YEAR = {2006},
    PAGES = {305--315},
    ADDRESS = {Vancouver, Canada},
    MONTH = {April}
}
@UNPUBLISHED{policy07,
    author = {A. El-Atawy and T. Samak and Z.Wali and E. Al-Shaer and F. Lin and C. Pham and S. Li},
    title = {An Automated Framework for Validating Firewall Policy Enforcement},
    note = {Submitted to IEEE POLICY 2007},
}


%%%%%%%%%%%%conflicts
@INPROCEEDINGS{bandara04,
    AUTHOR = {A. Bandara and E. Lupu and J. Moffett and A. Russo},
    TITLE = {A goal-based approach to policy refinement},
  BOOKTITLE ={ IEEE Intl. Workshop on Policies for Distributed Systems and Networks },
    YEAR = {2004},
}

 @INPROCEEDINGS{delor03,
    AUTHOR = { E. Delor and R. Darimont and A. Rifaut },
    TITLE = { Software quality starts with the modeling of goal-oriented requirements },
  BOOKTITLE ={ Intl. Conference of Software & Systems Engineering },
    YEAR = {2003},
}

@INPROCEEDINGS{refine-policy06,
    AUTHOR = { J. Rubio-Loyola and and J. Serrat and M. Charalambides and P. Flegkas and G. Pavlou },
    TITLE = { A Functional Solution for Goal-Oriented Policy Refinement },
    BOOKTITLE ={ IEEE International Workshop on Policies for Distributed Systems and Networks, 2006, Policy 2006 },
    YEAR = {2006},
}


@INPROCEEDINGS{refine-noms06,
    AUTHOR = { A. Bandara and E. Lupu and A. Russo and N. Dulay and M. Sloman and P Flegkas and M. Charalambides and G. Pavlou },
    TITLE = { Policy refinement for DiffServ quality of service management },
    BOOKTITLE ={IFIP/IEEE International Symposium on Integrated Network Management},
    YEAR = {2005},
    MONTH = {May }
}


@INPROCEEDINGS{fireman,
    AUTHOR = "{L. Yuan, J. Mai, Z. Su, H. Chen, C-N. Chuah and P. Mohapatra}",
    TITLE = {A Toolkit for Firewall Modeling and Analysis },
    BOOKTITLE ={ IEEE Symposium on Security and Privacy },
    YEAR = {2006},
    MONTH = {May }
}


@INPROCEEDINGS{hari00,
    AUTHOR = { B.~Hari, S.~Suri and G.~Parulkar },
    TITLE = { Detecting and Resolving Packet Filter Conflicts },
    BOOKTITLE = { Proceedings of IEEE INFOCOM'00 },
    YEAR = {2000},
    MONTH = {March }
}

@INPROCEEDINGS{gouda04,
    AUTHOR = { M.~Gouda and X.~Liu},
    TITLE = { Firewall Design: Consistency, Completeness, and Compactness},
    BOOKTITLE = { Proceedings of the 24th IEEE International Conference on Distributed Computing Systems (ICDCS'04)},
    YEAR = {2004},
}

@INPROCEEDINGS{ eppstein01,
    AUTHOR = { D.~Eppstein and S.~Muthukrishnan },
    TITLE = { Internet Packet Filter Management and Rectangle Geometry },
    BOOKTITLE = { Proceedings of 12$^{th}$ Annual ACM-SIAM Symposium on Discrete Algorithms (SODA)},
    YEAR = {2001},
    MONTH = { January}
}

@INPROCEEDINGS{varghese-conf02,
    AUTHOR = {Florin Baboescu and George Varghese},
    TITLE = {Fast and Scalable Conflict Detection for Packet Classifiers},
    BOOKTITLE = {Proceedings of the 17th IEEE International Symposium on Defect and Fault Tolerance in VLSI
Systems (DFT'02)},
    YEAR = {2002}
}

@ARTICLE{sloman-trans,
    AUTHOR = {Emil C. Lupu and Morris Sloman},
    TITLE = {Conflicts in policy-based distributed systems management},
    JOURNAL = {IEEE Transactions on Software Engineering},
    VOLUME = {25},
    NUMBER = {6},
    YEAR = {1999},
    MONTH = {November},
    PAGE  = {852-869}
}

@INPROCEEDINGS{conf-adhoc,
    AUTHOR = {Ronan de Renesse, Piyush Khengar, Vasilis Friderikos and Hamid Aghvami},
    TITLE = {QoS Conflict Resolution in Ad Hoc Networks },
    BOOKTITLE = {IEEE ICC'06},
    YEAR = {2006}
}

@INPROCEEDINGS{conf-res,
    AUTHOR = {Hassine MOUNGLA and F. KRIEF},
    TITLE = {Conflict detection and resolution in QoS policy based management},
    BOOKTITLE = {IEEE 16th International Symposium on Personal, Indoor and Mobile Radio Communications},
    YEAR = {2005}
}

%%%%%%%%%%%%% MDP
@BOOK {MDP,
    AUTHOR = {M. Puterman},
    TITLE = {Markov Decisoin Processes},
    PUBLISHER = {Wiley},
    YEAR = {1994}
}                          
  
@ARTICLE{kreidl04,
    AUTHOR = { O. Kreidl and T. Frazier },
    TITLE = { Feedback control applied to survivability: A host-based autonomic defense system },
    JOURNAL = { TRANSACTIONS ON RELIABILITY},
    VoLUME = {53},
    ISSUE = {1},
    MONTH={March},
    PAGES={148--166},
    YEAR = {2004}
}

%%%%%%%%%%%%%%BDD and formal methods

@BOOK {clark-MIT,
    AUTHOR = {E. Clarke and O. Grumberg and D. Peled},
    TITLE = {Model Checking},
    PUBLISHER = {The MIT Press},
    YEAR = {1999 }
}

@INPROCEEDINGS{clark-2000,
    AUTHOR = "{E. Clarke, O. Grumberg, S. Jha, Y. Lu and H. Veith}",
    TITLE = {Counterexample-guided abstraction refinement},
    BOOKTITLE = {Proc. CAV'00},
    YEAR = {2000},
    ADDRESS = {Springer}
}

%%%%%%%%%%%%%%Adaptation

@MISC{RFC1513,
    author = "R. Droms",
    title = "Dynamic Host Configuration Protocol",
    note = "RFC1531"
}

@MISC{RFC3662,
    author = "R. Bless and K. Nichols and K. Wehrle",
    title = " A Lower Effort Per-Domain Behavior (PDB) for Differentiated Services ",
    note = "RFC3662, December 2003",
}

@MISC{RFC3086,
    author = " K. Nichols and B. Carpenter ",
    title = " Definition of Differentiated Services Per Domain Behaviors and Rules for their Specification ",
    note = "RFC3086, April 2001",
}


@MISC{zeroconf,
    AUTHOR = {S. Cheshire, B. Adoba and E. Guttman},
    TITLE = {Dynamic configuration of IPv4 link-local addresses },
    note = {Zeroconf Working Group of the Internet Engineering Task Force (www.zeroconf.org)},
    YEAR = {2002},
    MONTH = {August}
}

@INPROCEEDINGS{mobile-context,
    AUTHOR = {Jun-Zhao Sun, Jukka Riekki, Jaakko Sauvola and Marko Jurmu },
    TITLE = {Towards connectivity management adaptability: context awareness
in policy representation and end-to-end evaluation algorithm},
    BOOKTITLE = {Proceedings of the 3rd international conference on Mobile
and ubiquitous multimedia MUM '04},
    YEAR = {2004},
    MONTH = {October}
}

@ARTICLE{adaptive-conf,
    AUTHOR = {J. Yan},
    TITLE = {Adaptive configuration of elastic high speed multiclass networks},
    JOURNAL = {IEEE Communications Magazine},
    VOLUME = {36},
    NUMBER = {5},
    YEAR = {1998},
    MONTH = {May},
    PAGE = {116 - 120}
}

@INPROCEEDINGS{adaptive-sec,
    AUTHOR = {Chunxiao Chigan, Leiyuan Li and Yinghua Ye},
    TITLE = {Resource-aware self-adaptive security provisioning in mobile ad
hoc networks},
    BOOKTITLE = {IEEE Wireless Communications and Networking Conference},
    YEAR = {2005},
    MONTH = {March}
}

@ARTICLE{automatic-qos,
    AUTHOR = {Nancy Samaan and Ahmed Karmouch},
    TITLE = {An Automated Policy-Based Management Framework for Differentiated Communication Systems},
    JOURNAL = {IEEE Journal on Selected Areas in Communications},
    VOLUME = {23},
    NUMBER = {12},
    YEAR = {2005},
    MONTH = {December}
}


@INPROCEEDINGS{dynamic-web,
    AUTHOR = {Karthik Gomadam, Kunal Verma, Amit P. Sheth and John A. Miller},
    TITLE = {Demonstrating Dynamic Configuration and Execution of Web processes},
    BOOKTITLE = {ICSOC 2005},
    YEAR = {2005}
}

%%%%%%%%%%% Other Refernces for me
@ARTICLE{JNSM02,
    AUTHOR = { Ehab Al-Shaer and Yongning Tang},
    TITLE = {QoS Path Monitoring for Multicast Networks},
    JOURNAL = { Journal of Network and System Management (JNSM)},
    YEAR = {2002}
}

@ARTICLE{JNSM00,
    AUTHOR = { Ehab Al-Shaer},
    TITLE = { Active Management Framework for Distributed Multimedia Systems },
    JOURNAL = { Journal of Network and System Management (JNSM)},
    YEAR = {2000}
}

@ARTICLE{JCOMCOM02,
    AUTHOR = { Ehab Al-Shaer},
    TITLE = {Integrating IP Multicasting in Internet Network Management Protocols },
    JOURNAL = {Journal of Computer and Communications },
    MONTH = {December},
    YEAR = {2002}
}

@INPROCEEDINGS{noms06-yan,
    AUTHOR = {Yonghe Yan, Adel El-Atawy and Ehab Al-Shaer},
    TITLE = {Fair Bandwidth Allocation Under User Capacity  Constraints},
    BOOKTITLE = {In the 10th IEEE/IFIP Network Operations and Management Symposium (NOMS 2006)},
    YEAR = {2006},
    MONTH = {April}
}

@INPROCEEDINGS{im05,
    AUTHOR = {Yongning Tang, Ehab Al-Shaer and Raouf Boutaba},
    TITLE = {Active Integrated Fault Localization in Communication Networks},
    BOOKTITLE = {" IEEE/IFIP Integrated Management (IM'2005)},
    YEAR = {2005},
    MONTH = {May}
}

@INPROCEEDINGS{noms04,
    AUTHOR = { Ehab Al-Shaer and Yongning Tang},
    TITLE = { MRMON: Multicast Remote Monitoring},
    BOOKTITLE = { Proceedings of EEE/IFIP Network Operations and Management Symposium (NOMS'2004)},
    YEAR = {2004},
    MONTH = {April}
}

@INPROCEEDINGS{noms02,
    AUTHOR = { Ehab Al-Shaer and Yongning Tang},
    TITLE = { SMRM: SNMP-based Multicast Reachability Monitoring},
    BOOKTITLE = { IEEE/IFIP Network Operations and Management Symposium NOMS'02,},
    YEAR = {2002},
    MONTH = {April}
}
@INPROCEEDINGS{icdcs99,
    AUTHOR = {Ehab Al-Shaer, Hussein Abdel-Wahab and Kurt Maly},
    TITLE = {HiFi: A New Monitoring Architecture for Distributed Systems Management},
    BOOKTITLE = {IEEE 19th International Conference on Distributed Computing Systems (ICDCS'99)},
    YEAR = {2006},
    MONTH = {MAY}
}

@INPROCEEDINGS{icc03,
    AUTHOR = {Ehab Al-Shaer and Hazem Hamed},
    TITLE = {Management and Translation of Filtering Security Policies},
    BOOKTITLE = {IEEE ICC'03},
    YEAR = {2003},
    MONTH = {MAY}
}

@INPROCEEDINGS{infocom06,
    AUTHOR = {Hazem Hamed and Adel El-Atawy and Ehab Al-Shaer},
    TITLE = {Adaptive Statistical Optimization Techniques for Firewall Packet Filtering},
    BOOKTITLE = {IEEE INFOCOM},
    YEAR = {2006}
}
